|inactive|Battle timer is ON: inactive players will automatically lose when time's up.
|player|p1|Blimax|unknown|
|player|p2|Valentine|red|
|teamsize|p1|6
|teamsize|p2|6
|gametype|singles
|gen|8
|tier|[Gen 8] OU
|clearpoke
|poke|p1|Magearna|
|poke|p1|Tangrowth, F|
|poke|p1|Urshifu-*, F|
|poke|p1|Rotom-Heat|
|poke|p1|Clefable, F|
|poke|p1|Dragapult, F|
|poke|p2|Quagsire, M|
|poke|p2|Toxapex, M|
|poke|p2|Rotom-Heat|
|poke|p2|Blissey, F|
|poke|p2|Mandibuzz, F|
|poke|p2|Mew|
|rule|Sleep Clause Mod: Limit one foe put to sleep
|rule|Species Clause: Limit one of each Pokémon
|rule|OHKO Clause: OHKO moves are banned
|rule|Evasion Moves Clause: Evasion moves are banned
|rule|Endless Battle Clause: Forcing endless battles is banned
|rule|HP Percentage Mod: HP is shown in percentages
|rule|Dynamax Clause: You cannot dynamax
|teampreview
|c|☆Blimax|HF
|c|+SPACE FORCE meeps|SPACE FORCE meeps
|c|+ayevon|SPACE FORCE meeps
|c|+xray|go val
|c|+abd1710|go INDIA
|inactive|Blimax has 270 seconds left.
|inactive|Valentine has 270 seconds left.
|c|+PrAiSe GrOuDoNiSm|go blimax
|
|start
|switch|p1a: Magearna|Magearna|100/100
|switch|p2a: in the valley|Rotom-Heat|100/100
|turn|1
|c|+Hydreigon Specs|hs
|
|switch|p1a: Dragapult|Dragapult, F|100/100
|move|p2a: in the valley|Overheat|p1a: Dragapult
|-resisted|p1a: Dragapult
|-damage|p1a: Dragapult|70/100
|-unboost|p2a: in the valley|spa|2
|
|upkeep
|turn|2
|c|+lyd|-hs
|
|switch|p2a: boots thats black|Mandibuzz, F|100/100
|move|p1a: Dragapult|U-turn|p2a: boots thats black
|-damage|p2a: boots thats black|89/100
|
|switch|p1a: Magearna|Magearna|100/100|[from]move: U-turn
|
|upkeep
|turn|3
|
|switch|p2a: bull ridin boob|Blissey, F|100/100
|move|p1a: Magearna|Trick|p2a: bull ridin boob
|-activate|p1a: Magearna|move: Trick|[of] p2a: bull ridin boob
|-item|p2a: bull ridin boob|Choice Specs|[from] move: Trick
|-item|p1a: Magearna|Heavy-Duty Boots|[from] move: Trick
|
|upkeep
|turn|4
|
|switch|p2a: whip your porsche|Quagsire, M|100/100
|move|p1a: Magearna|Volt Switch|p2a: whip your porsche
|-immune|p2a: whip your porsche
|
|upkeep
|turn|5
|
|switch|p2a: lean in my bladder|Toxapex, M|100/100
|move|p1a: Magearna|Fleur Cannon|p2a: lean in my bladder
|-resisted|p2a: lean in my bladder
|-damage|p2a: lean in my bladder|68/100
|-unboost|p1a: Magearna|spa|2
|
|upkeep
|turn|6
|
|move|p1a: Magearna|Volt Switch|p2a: lean in my bladder
|-supereffective|p2a: lean in my bladder
|-damage|p2a: lean in my bladder|45/100
|
|switch|p1a: Tangrowth|Tangrowth, F|100/100|[from]move: Volt Switch
|move|p2a: lean in my bladder|Toxic Spikes|p1a: Tangrowth
|-sidestart|p1: Blimax|move: Toxic Spikes
|
|upkeep
|turn|7
|
|switch|p2a: boots thats black|Mandibuzz, F|89/100
|move|p1a: Tangrowth|Sludge Bomb|p2a: boots thats black
|-damage|p2a: boots thats black|73/100
|
|upkeep
|turn|8
|
|move|p2a: boots thats black|Knock Off|p1a: Tangrowth
|-damage|p1a: Tangrowth|89/100
|-damage|p2a: boots thats black|57/100|[from] item: Rocky Helmet|[of] p1a: Tangrowth
|-enditem|p1a: Tangrowth|Rocky Helmet|[from] move: Knock Off|[of] p2a: boots thats black
|move|p1a: Tangrowth|Sludge Bomb|p2a: boots thats black
|-damage|p2a: boots thats black|40/100
|
|upkeep
|turn|9
|
|move|p2a: boots thats black|Roost|p2a: boots thats black
|-heal|p2a: boots thats black|90/100
|-singleturn|p2a: boots thats black|move: Roost
|move|p1a: Tangrowth|Sludge Bomb|p2a: boots thats black
|-damage|p2a: boots thats black|75/100
|-status|p2a: boots thats black|psn
|
|-damage|p2a: boots thats black|63/100 psn|[from] psn
|upkeep
|turn|10
|
|move|p2a: boots thats black|Roost|p2a: boots thats black
|-heal|p2a: boots thats black|100/100 psn
|-singleturn|p2a: boots thats black|move: Roost
|move|p1a: Tangrowth|Sleep Powder|p2a: boots thats black
|-immune|p2a: boots thats black|[from] ability: Overcoat
|
|-damage|p2a: boots thats black|88/100 psn|[from] psn
|upkeep
|turn|11
|
|move|p2a: boots thats black|Knock Off|p1a: Tangrowth
|-damage|p1a: Tangrowth|80/100
|move|p1a: Tangrowth|Sleep Powder|p2a: boots thats black
|-immune|p2a: boots thats black|[from] ability: Overcoat
|
|-damage|p2a: boots thats black|75/100 psn|[from] psn
|upkeep
|turn|12
|
|move|p2a: boots thats black|Foul Play|p1a: Tangrowth
|-damage|p1a: Tangrowth|62/100
|move|p1a: Tangrowth|Giga Drain|p2a: boots thats black
|-resisted|p2a: boots thats black
|-damage|p2a: boots thats black|66/100 psn
|-heal|p1a: Tangrowth|68/100|[from] drain|[of] p2a: boots thats black
|
|-damage|p2a: boots thats black|53/100 psn|[from] psn
|upkeep
|turn|13
|
|move|p2a: boots thats black|Roost|p2a: boots thats black
|-heal|p2a: boots thats black|100/100 psn
|-singleturn|p2a: boots thats black|move: Roost
|move|p1a: Tangrowth|Knock Off|p2a: boots thats black
|-resisted|p2a: boots thats black
|-damage|p2a: boots thats black|94/100 psn
|-enditem|p2a: boots thats black|Heavy-Duty Boots|[from] move: Knock Off|[of] p1a: Tangrowth
|
|-damage|p2a: boots thats black|81/100 psn|[from] psn
|upkeep
|turn|14
|
|move|p2a: boots thats black|Knock Off|p1a: Tangrowth
|-damage|p1a: Tangrowth|60/100
|move|p1a: Tangrowth|Sleep Powder|p2a: boots thats black
|-immune|p2a: boots thats black|[from] ability: Overcoat
|
|-damage|p2a: boots thats black|69/100 psn|[from] psn
|upkeep
|turn|15
|
|move|p2a: boots thats black|Knock Off|p1a: Tangrowth
|-damage|p1a: Tangrowth|52/100
|move|p1a: Tangrowth|Giga Drain|p2a: boots thats black
|-resisted|p2a: boots thats black
|-crit|p2a: boots thats black
|-damage|p2a: boots thats black|55/100 psn
|-heal|p1a: Tangrowth|59/100|[from] drain|[of] p2a: boots thats black
|
|-damage|p2a: boots thats black|43/100 psn|[from] psn
|upkeep
|turn|16
|
|move|p2a: boots thats black|Roost|p2a: boots thats black
|-heal|p2a: boots thats black|93/100 psn
|-singleturn|p2a: boots thats black|move: Roost
|move|p1a: Tangrowth|Giga Drain|p2a: boots thats black
|-damage|p2a: boots thats black|75/100 psn
|-heal|p1a: Tangrowth|68/100|[from] drain|[of] p2a: boots thats black
|
|-damage|p2a: boots thats black|62/100 psn|[from] psn
|upkeep
|turn|17
|inactive|Valentine has 270 seconds left.
|
|switch|p1a: Rotom|Rotom-Heat|100/100
|move|p2a: boots thats black|Knock Off|p1a: Rotom
|-damage|p1a: Rotom|80/100
|-enditem|p1a: Rotom|Heavy-Duty Boots|[from] move: Knock Off|[of] p2a: boots thats black
|
|-damage|p2a: boots thats black|50/100 psn|[from] psn
|upkeep
|turn|18
|inactive|Valentine has 270 seconds left.
|
|switch|p2a: whip your porsche|Quagsire, M|100/100
|move|p1a: Rotom|Defog|p2a: whip your porsche
|-unboost|p2a: whip your porsche|evasion|1
|-sideend|p1: Blimax|Toxic Spikes|[from] move: Defog|[of] p1a: Rotom
|
|upkeep
|turn|19
|
|switch|p1a: Tangrowth|Tangrowth, F|100/100
|switch|p2a: lean in my bladder|Toxapex, M|78/100
|
|upkeep
|turn|20
|
|switch|p2a: cowboy hat gucci|Mew|100/100
|move|p1a: Tangrowth|Sleep Powder|p2a: cowboy hat gucci
|-status|p2a: cowboy hat gucci|slp|[from] move: Sleep Powder
|
|upkeep
|turn|21
|
|switch|p1a: Urshifu|Urshifu, F, shiny|100/100
|cant|p2a: cowboy hat gucci|slp
|
|upkeep
|turn|22
|raw|<div class="broadcast-red"><strong>Moderated chat was set to ☆!</strong><br />Only users of rank ☆ and higher can talk.</div>
|
|switch|p2a: lean in my bladder|Toxapex, M|100/100
|move|p1a: Urshifu|Wicked Blow|p2a: lean in my bladder
|-crit|p2a: lean in my bladder
|-damage|p2a: lean in my bladder|39/100
|-damage|p1a: Urshifu|84/100|[from] item: Rocky Helmet|[of] p2a: lean in my bladder
|
|upkeep
|turn|23
|inactive|Valentine has 270 seconds left.
|
|switch|p2a: cowboy hat gucci|Mew|100/100 slp
|move|p1a: Urshifu|Wicked Blow|p2a: cowboy hat gucci
|-supereffective|p2a: cowboy hat gucci
|-crit|p2a: cowboy hat gucci
|-damage|p2a: cowboy hat gucci|0 fnt
|-damage|p1a: Urshifu|68/100|[from] item: Rocky Helmet|[of] p2a: cowboy hat gucci
|faint|p2a: cowboy hat gucci
|
|upkeep
|
|switch|p2a: lean in my bladder|Toxapex, M|72/100
|turn|24
|
|switch|p1a: Magearna|Magearna|100/100
|move|p2a: lean in my bladder|Knock Off|p1a: Magearna
|-resisted|p1a: Magearna
|-damage|p1a: Magearna|94/100
|-enditem|p1a: Magearna|Heavy-Duty Boots|[from] move: Knock Off|[of] p2a: lean in my bladder
|
|upkeep
|turn|25
|inactive|Valentine has 270 seconds left.
|
|move|p1a: Magearna|Volt Switch|p2a: lean in my bladder
|-supereffective|p2a: lean in my bladder
|-damage|p2a: lean in my bladder|26/100
|
|switch|p1a: Dragapult|Dragapult, F|70/100|[from]move: Volt Switch
|move|p2a: lean in my bladder|Toxic Spikes|p1a: Dragapult
|-sidestart|p1: Blimax|move: Toxic Spikes
|
|upkeep
|turn|26
|
|switch|p2a: in the valley|Rotom-Heat|100/100
|move|p1a: Dragapult|U-turn|p2a: in the valley
|-resisted|p2a: in the valley
|-damage|p2a: in the valley|92/100
|
|switch|p1a: Rotom|Rotom-Heat|80/100|[from]move: U-turn
|
|upkeep
|turn|27
|
|move|p2a: in the valley|Nasty Plot|p2a: in the valley
|-boost|p2a: in the valley|spa|2
|move|p1a: Rotom|Defog|p2a: in the valley
|-unboost|p2a: in the valley|evasion|1
|-sideend|p1: Blimax|Toxic Spikes|[from] move: Defog|[of] p1a: Rotom
|
|upkeep
|turn|28
|
|switch|p1a: Clefable|Clefable, F|100/100
|move|p2a: in the valley|Overheat|p1a: Clefable
|-damage|p1a: Clefable|66/100
|-unboost|p2a: in the valley|spa|2
|
|-heal|p1a: Clefable|72/100|[from] item: Leftovers
|upkeep
|turn|29
|
|switch|p2a: lean in my bladder|Toxapex, M|59/100
|move|p1a: Clefable|Stealth Rock|p2a: lean in my bladder
|-sidestart|p2: Valentine|move: Stealth Rock
|
|-heal|p1a: Clefable|78/100|[from] item: Leftovers
|upkeep
|turn|30
|
|switch|p1a: Dragapult|Dragapult, F|70/100
|move|p2a: lean in my bladder|Toxic Spikes|p1a: Dragapult
|-sidestart|p1: Blimax|move: Toxic Spikes
|
|upkeep
|turn|31
|
|move|p1a: Dragapult|Draco Meteor|p2a: lean in my bladder
|-damage|p2a: lean in my bladder|10/100
|-unboost|p1a: Dragapult|spa|2
|move|p2a: lean in my bladder|Recover|p2a: lean in my bladder
|-heal|p2a: lean in my bladder|60/100
|
|upkeep
|turn|32
|inactive|Valentine has 270 seconds left.
|
|switch|p2a: in the valley|Rotom-Heat|92/100
|move|p1a: Dragapult|Thunder Wave|p2a: in the valley
|-immune|p2a: in the valley
|
|upkeep
|turn|33
|inactive|Valentine has 270 seconds left.
|
|move|p1a: Dragapult|U-turn|p2a: in the valley
|-resisted|p2a: in the valley
|-damage|p2a: in the valley|83/100
|
|switch|p1a: Rotom|Rotom-Heat|80/100|[from]move: U-turn
|move|p2a: in the valley|Nasty Plot|p2a: in the valley
|-boost|p2a: in the valley|spa|2
|
|upkeep
|turn|34
|inactive|Valentine has 270 seconds left.
|
|move|p2a: in the valley|Discharge|p1a: Rotom
|-resisted|p1a: Rotom
|-damage|p1a: Rotom|50/100
|move|p1a: Rotom|Defog|p2a: in the valley
|-unboost|p2a: in the valley|evasion|1
|-sideend|p2: Valentine|Stealth Rock|[from] move: Defog|[of] p1a: Rotom
|-sideend|p1: Blimax|Toxic Spikes|[from] move: Defog|[of] p1a: Rotom
|
|upkeep
|turn|35
|
|switch|p1a: Clefable|Clefable, F|78/100
|move|p2a: in the valley|Discharge|p1a: Clefable
|-damage|p1a: Clefable|58/100
|
|-heal|p1a: Clefable|64/100|[from] item: Leftovers
|upkeep
|turn|36
|
|move|p2a: in the valley|Discharge|p1a: Clefable
|-damage|p1a: Clefable|44/100
|move|p1a: Clefable|Wish|p1a: Clefable
|
|-heal|p1a: Clefable|50/100|[from] item: Leftovers
|upkeep
|turn|37
|
|move|p2a: in the valley|Discharge|p1a: Clefable
|-damage|p1a: Clefable|29/100
|move|p1a: Clefable|Stealth Rock|p2a: in the valley
|-sidestart|p2: Valentine|move: Stealth Rock
|
|-heal|p1a: Clefable|79/100|[from] move: Wish|[wisher] Clefable
|-heal|p1a: Clefable|85/100|[from] item: Leftovers
|upkeep
|turn|38
|
|move|p2a: in the valley|Discharge|p1a: Clefable
|-damage|p1a: Clefable|63/100
|move|p1a: Clefable|Wish|p1a: Clefable
|
|-heal|p1a: Clefable|69/100|[from] item: Leftovers
|upkeep
|turn|39
|
|move|p2a: in the valley|Discharge|p1a: Clefable
|-damage|p1a: Clefable|48/100
|move|p1a: Clefable|Moonblast|p2a: in the valley
|-resisted|p2a: in the valley
|-damage|p2a: in the valley|66/100
|
|-heal|p1a: Clefable|98/100|[from] move: Wish|[wisher] Clefable
|-heal|p1a: Clefable|100/100|[from] item: Leftovers
|upkeep
|turn|40
|
|move|p2a: in the valley|Discharge|p1a: Clefable
|-crit|p1a: Clefable
|-damage|p1a: Clefable|69/100
|move|p1a: Clefable|Wish|p1a: Clefable
|
|-heal|p1a: Clefable|75/100|[from] item: Leftovers
|upkeep
|turn|41
|
|switch|p1a: Dragapult|Dragapult, F|70/100
|move|p2a: in the valley|Discharge|p1a: Dragapult
|-resisted|p1a: Dragapult
|-damage|p1a: Dragapult|28/100
|-status|p1a: Dragapult|par
|
|-heal|p1a: Dragapult|90/100 par|[from] move: Wish|[wisher] Clefable
|upkeep
|turn|42
|inactive|Valentine has 270 seconds left.
|
|switch|p2a: lean in my bladder|Toxapex, M|94/100
|-damage|p2a: lean in my bladder|81/100|[from] Stealth Rock
|move|p1a: Dragapult|U-turn|p2a: lean in my bladder
|-resisted|p2a: lean in my bladder
|-damage|p2a: lean in my bladder|76/100
|-damage|p1a: Dragapult|74/100 par|[from] item: Rocky Helmet|[of] p2a: lean in my bladder
|
|switch|p1a: Magearna|Magearna|94/100|[from]move: U-turn
|
|upkeep
|turn|43
|
|move|p1a: Magearna|Volt Switch|p2a: lean in my bladder
|-supereffective|p2a: lean in my bladder
|-damage|p2a: lean in my bladder|30/100
|
|switch|p1a: Urshifu|Urshifu, F, shiny|68/100|[from]move: Volt Switch
|move|p2a: lean in my bladder|Recover|p2a: lean in my bladder
|-heal|p2a: lean in my bladder|80/100
|
|upkeep
|turn|44
|
|switch|p1a: Tangrowth|Tangrowth, F|100/100
|move|p2a: lean in my bladder|Knock Off|p1a: Tangrowth
|-damage|p1a: Tangrowth|95/100
|
|upkeep
|turn|45
|
|switch|p1a: Magearna|Magearna|94/100
|move|p2a: lean in my bladder|Toxic Spikes|p1a: Magearna
|-sidestart|p1: Blimax|move: Toxic Spikes
|
|upkeep
|turn|46
|inactive|Valentine has 270 seconds left.
|
|switch|p2a: bull ridin boob|Blissey, F|100/100
|-damage|p2a: bull ridin boob|88/100|[from] Stealth Rock
|move|p1a: Magearna|Volt Switch|p2a: bull ridin boob
|-damage|p2a: bull ridin boob|80/100
|
|switch|p1a: Rotom|Rotom-Heat|50/100|[from]move: Volt Switch
|
|upkeep
|turn|47
|
|move|p1a: Rotom|Pain Split|p2a: bull ridin boob
|-sethp|p2a: bull ridin boob|51/100|[from] move: Pain Split|[silent]
|-sethp|p1a: Rotom|100/100|[from] move: Pain Split
|move|p2a: bull ridin boob|Toxic|p1a: Rotom
|-status|p1a: Rotom|tox
|
|-damage|p1a: Rotom|94/100 tox|[from] psn
|upkeep
|turn|48
|inactive|Valentine has 270 seconds left.
|
|switch|p2a: whip your porsche|Quagsire, M|100/100
|-damage|p2a: whip your porsche|94/100|[from] Stealth Rock
|move|p1a: Rotom|Defog|p2a: whip your porsche
|-unboost|p2a: whip your porsche|evasion|1
|-sideend|p2: Valentine|Stealth Rock|[from] move: Defog|[of] p1a: Rotom
|-sideend|p1: Blimax|Toxic Spikes|[from] move: Defog|[of] p1a: Rotom
|
|-damage|p1a: Rotom|82/100 tox|[from] psn
|upkeep
|turn|49
|inactive|Valentine has 270 seconds left.
|
|move|p1a: Rotom|Discharge|p2a: whip your porsche
|-immune|p2a: whip your porsche
|move|p2a: whip your porsche|Earthquake|p1a: Rotom
|-immune|p1a: Rotom|[from] ability: Levitate
|
|-damage|p1a: Rotom|63/100 tox|[from] psn
|upkeep
|turn|50
|
|switch|p1a: Tangrowth|Tangrowth, F|100/100
|move|p2a: whip your porsche|Toxic|p1a: Tangrowth
|-status|p1a: Tangrowth|tox
|
|-damage|p1a: Tangrowth|94/100 tox|[from] psn
|upkeep
|turn|51
|inactive|Valentine has 270 seconds left.
|
|switch|p1a: Magearna|Magearna|94/100
|switch|p2a: boots thats black|Mandibuzz, F|50/100 psn
|
|-damage|p2a: boots thats black|37/100 psn|[from] psn
|upkeep
|turn|52
|
|move|p2a: boots thats black|Roost|p2a: boots thats black
|-heal|p2a: boots thats black|87/100 psn
|-singleturn|p2a: boots thats black|move: Roost
|move|p1a: Magearna|Volt Switch|p2a: boots thats black
|-damage|p2a: boots thats black|69/100 psn
|inactive|Blimax has 270 seconds left.
|
|switch|p1a: Urshifu|Urshifu, F, shiny|68/100|[from]move: Volt Switch
|
|-damage|p2a: boots thats black|57/100 psn|[from] psn
|upkeep
|turn|53
|inactive|Blimax has 270 seconds left.
|
|move|p1a: Urshifu|Wicked Blow|p2a: boots thats black
|-resisted|p2a: boots thats black
|-crit|p2a: boots thats black
|-damage|p2a: boots thats black|28/100 psn
|move|p2a: boots thats black|Knock Off|p1a: Urshifu
|-resisted|p1a: Urshifu
|-damage|p1a: Urshifu|63/100
|-enditem|p1a: Urshifu|Choice Band|[from] move: Knock Off|[of] p2a: boots thats black
|
|-damage|p2a: boots thats black|15/100 psn|[from] psn
|upkeep
|turn|54
|inactive|Valentine has 270 seconds left.
|
|switch|p2a: lean in my bladder|Toxapex, M|100/100
|move|p1a: Urshifu|Wicked Blow|p2a: lean in my bladder
|-crit|p2a: lean in my bladder
|-damage|p2a: lean in my bladder|63/100
|-damage|p1a: Urshifu|47/100|[from] item: Rocky Helmet|[of] p2a: lean in my bladder
|
|upkeep
|turn|55
|
|switch|p1a: Magearna|Magearna|94/100
|move|p2a: lean in my bladder|Recover|p2a: lean in my bladder
|-heal|p2a: lean in my bladder|100/100
|
|upkeep
|turn|56
|
|move|p1a: Magearna|Volt Switch|p2a: lean in my bladder
|-supereffective|p2a: lean in my bladder
|-damage|p2a: lean in my bladder|52/100
|inactive|Blimax has 270 seconds left.
|
|switch|p1a: Dragapult|Dragapult, F|74/100 par|[from]move: Volt Switch
|move|p2a: lean in my bladder|Toxic Spikes|p1a: Dragapult
|-sidestart|p1: Blimax|move: Toxic Spikes
|
|upkeep
|turn|57
|inactive|Valentine has 270 seconds left.
|
|switch|p1a: Tangrowth|Tangrowth, F|100/100 tox
|switch|p2a: bull ridin boob|Blissey, F|51/100
|
|-damage|p1a: Tangrowth|94/100 tox|[from] psn
|upkeep
|turn|58
|
|switch|p1a: Rotom|Rotom-Heat|63/100 tox
|move|p2a: bull ridin boob|Soft-Boiled|p2a: bull ridin boob
|-heal|p2a: bull ridin boob|100/100
|
|-damage|p1a: Rotom|57/100 tox|[from] psn
|upkeep
|turn|59
|
|switch|p2a: whip your porsche|Quagsire, M|94/100
|move|p1a: Rotom|Defog|p2a: whip your porsche
|-unboost|p2a: whip your porsche|evasion|1
|-sideend|p1: Blimax|Toxic Spikes|[from] move: Defog|[of] p1a: Rotom
|
|-damage|p1a: Rotom|44/100 tox|[from] psn
|upkeep
|turn|60
|
|switch|p1a: Tangrowth|Tangrowth, F|100/100 tox
|move|p2a: whip your porsche|Scald|p1a: Tangrowth
|-resisted|p1a: Tangrowth
|-damage|p1a: Tangrowth|87/100 tox
|
|-damage|p1a: Tangrowth|81/100 tox|[from] psn
|upkeep
|turn|61
|
|switch|p2a: bull ridin boob|Blissey, F|100/100
|move|p1a: Tangrowth|Sleep Powder|p2a: bull ridin boob|[miss]
|-miss|p1a: Tangrowth|p2a: bull ridin boob
|
|-damage|p1a: Tangrowth|69/100 tox|[from] psn
|upkeep
|turn|62
|
|move|p2a: bull ridin boob|Heal Bell|p2a: bull ridin boob
|-activate|p2a: bull ridin boob|move: Heal Bell
|-curestatus|p2: boots thats black|psn|[msg]
|move|p1a: Tangrowth|Sleep Powder|p2a: bull ridin boob|[miss]
|-miss|p1a: Tangrowth|p2a: bull ridin boob
|
|-damage|p1a: Tangrowth|50/100 tox|[from] psn
|upkeep
|turn|63
|
|switch|p2a: lean in my bladder|Toxapex, M|86/100
|switch|p1a: Clefable|Clefable, F|75/100
|
|-heal|p1a: Clefable|81/100|[from] item: Leftovers
|upkeep
|turn|64
|
|move|p1a: Clefable|Stealth Rock|p2a: lean in my bladder
|-sidestart|p2: Valentine|move: Stealth Rock
|move|p2a: lean in my bladder|Knock Off|p1a: Clefable
|-resisted|p1a: Clefable
|-damage|p1a: Clefable|74/100
|-enditem|p1a: Clefable|Leftovers|[from] move: Knock Off|[of] p2a: lean in my bladder
|
|upkeep
|turn|65
|
|move|p1a: Clefable|Wish|p1a: Clefable
|move|p2a: lean in my bladder|Toxic Spikes|p1a: Clefable
|-sidestart|p1: Blimax|move: Toxic Spikes
|
|upkeep
|turn|66
|
|switch|p1a: Rotom|Rotom-Heat|44/100 tox
|switch|p2a: in the valley|Rotom-Heat|66/100
|
|-heal|p1a: Rotom|100/100 tox|[from] move: Wish|[wisher] Clefable
|-damage|p1a: Rotom|94/100 tox|[from] psn
|upkeep
|turn|67
|
|move|p2a: in the valley|Nasty Plot|p2a: in the valley
|-boost|p2a: in the valley|spa|2
|move|p1a: Rotom|Defog|p2a: in the valley
|-unboost|p2a: in the valley|evasion|1
|-sideend|p2: Valentine|Stealth Rock|[from] move: Defog|[of] p1a: Rotom
|-sideend|p1: Blimax|Toxic Spikes|[from] move: Defog|[of] p1a: Rotom
|
|-damage|p1a: Rotom|82/100 tox|[from] psn
|upkeep
|turn|68
|
|switch|p1a: Clefable|Clefable, F|74/100
|move|p2a: in the valley|Discharge|p1a: Clefable
|-damage|p1a: Clefable|51/100
|-status|p1a: Clefable|par
|
|upkeep
|turn|69
|
|move|p2a: in the valley|Discharge|p1a: Clefable
|-damage|p1a: Clefable|31/100 par
|cant|p1a: Clefable|par
|
|upkeep
|turn|70
|
|switch|p1a: Rotom|Rotom-Heat|82/100 tox
|move|p2a: in the valley|Overheat|p1a: Rotom
|-resisted|p1a: Rotom
|-damage|p1a: Rotom|35/100 tox
|-unboost|p2a: in the valley|spa|2
|
|-damage|p1a: Rotom|28/100 tox|[from] psn
|upkeep
|turn|71
|
|switch|p1a: Dragapult|Dragapult, F|74/100 par
|move|p2a: in the valley|Nasty Plot|p2a: in the valley
|-boost|p2a: in the valley|spa|2
|
|upkeep
|turn|72
|
|switch|p2a: lean in my bladder|Toxapex, M|100/100
|move|p1a: Dragapult|U-turn|p2a: lean in my bladder
|-resisted|p2a: lean in my bladder
|-damage|p2a: lean in my bladder|96/100
|-damage|p1a: Dragapult|57/100 par|[from] item: Rocky Helmet|[of] p2a: lean in my bladder
|
|switch|p1a: Clefable|Clefable, F|31/100 par|[from]move: U-turn
|
|upkeep
|turn|73
|
|switch|p2a: boots thats black|Mandibuzz, F|15/100
|move|p1a: Clefable|Wish|p1a: Clefable
|
|upkeep
|turn|74
|
|move|p2a: boots thats black|Roost|p2a: boots thats black
|-heal|p2a: boots thats black|65/100
|-singleturn|p2a: boots thats black|move: Roost
|move|p1a: Clefable|Moonblast|p2a: boots thats black
|-supereffective|p2a: boots thats black
|-damage|p2a: boots thats black|18/100
|
|-heal|p1a: Clefable|81/100 par|[from] move: Wish|[wisher] Clefable
|upkeep
|turn|75
|
|move|p2a: boots thats black|Roost|p2a: boots thats black
|-heal|p2a: boots thats black|68/100
|-singleturn|p2a: boots thats black|move: Roost
|move|p1a: Clefable|Moonblast|p2a: boots thats black
|-supereffective|p2a: boots thats black
|-damage|p2a: boots thats black|27/100
|-unboost|p2a: boots thats black|spa|1
|
|upkeep
|turn|76
|
|move|p2a: boots thats black|Roost|p2a: boots thats black
|-heal|p2a: boots thats black|77/100
|-singleturn|p2a: boots thats black|move: Roost
|move|p1a: Clefable|Moonblast|p2a: boots thats black
|-supereffective|p2a: boots thats black
|-damage|p2a: boots thats black|30/100
|
|upkeep
|turn|77
|
|move|p2a: boots thats black|Roost|p2a: boots thats black
|-heal|p2a: boots thats black|80/100
|-singleturn|p2a: boots thats black|move: Roost
|move|p1a: Clefable|Moonblast|p2a: boots thats black
|-supereffective|p2a: boots thats black
|-damage|p2a: boots thats black|39/100
|
|upkeep
|turn|78
|
|move|p2a: boots thats black|Roost|p2a: boots thats black
|-heal|p2a: boots thats black|89/100
|-singleturn|p2a: boots thats black|move: Roost
|move|p1a: Clefable|Moonblast|p2a: boots thats black
|-supereffective|p2a: boots thats black
|-damage|p2a: boots thats black|43/100
|-unboost|p2a: boots thats black|spa|1
|
|upkeep
|turn|79
|
|move|p2a: boots thats black|Roost|p2a: boots thats black
|-heal|p2a: boots thats black|93/100
|-singleturn|p2a: boots thats black|move: Roost
|move|p1a: Clefable|Wish|p1a: Clefable
|
|upkeep
|turn|80
|
|switch|p2a: in the valley|Rotom-Heat|66/100
|switch|p1a: Urshifu|Urshifu, F, shiny|47/100
|
|-heal|p1a: Urshifu|100/100|[from] move: Wish|[wisher] Clefable
|upkeep
|turn|81
|
|switch|p1a: Rotom|Rotom-Heat|28/100 tox
|switch|p2a: lean in my bladder|Toxapex, M|100/100
|
|-damage|p1a: Rotom|22/100 tox|[from] psn
|upkeep
|turn|82
|
|move|p1a: Rotom|Pain Split|p2a: lean in my bladder
|-sethp|p2a: lean in my bladder|61/100|[from] move: Pain Split|[silent]
|-sethp|p1a: Rotom|61/100 tox|[from] move: Pain Split
|move|p2a: lean in my bladder|Toxic Spikes|p1a: Rotom
|-sidestart|p1: Blimax|move: Toxic Spikes
|
|-damage|p1a: Rotom|49/100 tox|[from] psn
|upkeep
|turn|83
|
|switch|p1a: Magearna|Magearna|94/100
|move|p2a: lean in my bladder|Recover|p2a: lean in my bladder
|-heal|p2a: lean in my bladder|100/100
|
|upkeep
|turn|84
|
|move|p1a: Magearna|Volt Switch|p2a: lean in my bladder
|-supereffective|p2a: lean in my bladder
|-damage|p2a: lean in my bladder|58/100
|
|switch|p1a: Tangrowth|Tangrowth, F|83/100 tox|[from]move: Volt Switch
|move|p2a: lean in my bladder|Recover|p2a: lean in my bladder
|-heal|p2a: lean in my bladder|100/100
|
|-damage|p1a: Tangrowth|77/100 tox|[from] psn
|upkeep
|turn|85
|
|switch|p2a: boots thats black|Mandibuzz, F|93/100
|move|p1a: Tangrowth|Sleep Powder|p2a: boots thats black
|-immune|p2a: boots thats black|[from] ability: Overcoat
|
|-damage|p1a: Tangrowth|65/100 tox|[from] psn
|upkeep
|turn|86
|
|switch|p1a: Magearna|Magearna|94/100
|move|p2a: boots thats black|Foul Play|p1a: Magearna
|-resisted|p1a: Magearna
|-damage|p1a: Magearna|83/100
|
|upkeep
|turn|87
|
|switch|p2a: bull ridin boob|Blissey, F|100/100
|move|p1a: Magearna|Volt Switch|p2a: bull ridin boob
|-damage|p2a: bull ridin boob|93/100
|
|switch|p1a: Rotom|Rotom-Heat|49/100 tox|[from]move: Volt Switch
|
|-damage|p1a: Rotom|42/100 tox|[from] psn
|upkeep
|turn|88
|
|move|p1a: Rotom|Pain Split|p2a: bull ridin boob
|-sethp|p2a: bull ridin boob|55/100|[from] move: Pain Split|[silent]
|-sethp|p1a: Rotom|100/100 tox|[from] move: Pain Split
|move|p2a: bull ridin boob|Seismic Toss|p1a: Rotom
|-damage|p1a: Rotom|68/100 tox
|
|-damage|p1a: Rotom|55/100 tox|[from] psn
|upkeep
|turn|89
|
|move|p1a: Rotom|Pain Split|p2a: bull ridin boob
|-sethp|p2a: bull ridin boob|40/100|[from] move: Pain Split|[silent]
|-sethp|p1a: Rotom|92/100 tox|[from] move: Pain Split
|move|p2a: bull ridin boob|Seismic Toss|p1a: Rotom
|-damage|p1a: Rotom|59/100 tox
|
|-damage|p1a: Rotom|41/100 tox|[from] psn
|upkeep
|turn|90
|
|switch|p1a: Dragapult|Dragapult, F|57/100 par
|move|p2a: bull ridin boob|Seismic Toss|p1a: Dragapult
|-immune|p1a: Dragapult
|
|upkeep
|turn|91
|
|switch|p2a: boots thats black|Mandibuzz, F|93/100
|cant|p1a: Dragapult|par
|
|upkeep
|turn|92
|
|switch|p1a: Tangrowth|Tangrowth, F|98/100 tox
|switch|p2a: bull ridin boob|Blissey, F|40/100
|
|-damage|p1a: Tangrowth|92/100 tox|[from] psn
|upkeep
|turn|93
|
|switch|p2a: boots thats black|Mandibuzz, F|93/100
|switch|p1a: Rotom|Rotom-Heat|41/100 tox
|
|-damage|p1a: Rotom|34/100 tox|[from] psn
|upkeep
|turn|94
|
|switch|p2a: bull ridin boob|Blissey, F|40/100
|move|p1a: Rotom|Pain Split|p2a: bull ridin boob
|-sethp|p2a: bull ridin boob|27/100|[from] move: Pain Split|[silent]
|-sethp|p1a: Rotom|63/100 tox|[from] move: Pain Split
|
|-damage|p1a: Rotom|51/100 tox|[from] psn
|upkeep
|turn|95
|
|move|p1a: Rotom|Defog|p2a: bull ridin boob
|-unboost|p2a: bull ridin boob|evasion|1
|-sideend|p1: Blimax|Toxic Spikes|[from] move: Defog|[of] p1a: Rotom
|move|p2a: bull ridin boob|Soft-Boiled|p2a: bull ridin boob
|-heal|p2a: bull ridin boob|77/100
|
|-damage|p1a: Rotom|32/100 tox|[from] psn
|upkeep
|turn|96
|
|switch|p2a: lean in my bladder|Toxapex, M|100/100
|move|p1a: Rotom|Pain Split|p2a: lean in my bladder
|-sethp|p2a: lean in my bladder|66/100|[from] move: Pain Split|[silent]
|-sethp|p1a: Rotom|66/100 tox|[from] move: Pain Split
|
|-damage|p1a: Rotom|41/100 tox|[from] psn
|upkeep
|turn|97
|
|switch|p1a: Tangrowth|Tangrowth, F|100/100 tox
|switch|p2a: bull ridin boob|Blissey, F|77/100
|
|-damage|p1a: Tangrowth|94/100 tox|[from] psn
|upkeep
|turn|98
|
|switch|p2a: boots thats black|Mandibuzz, F|93/100
|move|p1a: Tangrowth|Sleep Powder|p2a: boots thats black
|-immune|p2a: boots thats black|[from] ability: Overcoat
|
|-damage|p1a: Tangrowth|82/100 tox|[from] psn
|upkeep
|turn|99
|
|switch|p1a: Magearna|Magearna|83/100
|move|p2a: boots thats black|Foul Play|p1a: Magearna
|-resisted|p1a: Magearna
|-damage|p1a: Magearna|71/100
|
|upkeep
|turn|100
|
|switch|p2a: bull ridin boob|Blissey, F|77/100
|move|p1a: Magearna|Volt Switch|p2a: bull ridin boob
|-damage|p2a: bull ridin boob|69/100
|
|switch|p1a: Dragapult|Dragapult, F|57/100 par|[from]move: Volt Switch
|
|upkeep
|turn|101
|
|switch|p2a: boots thats black|Mandibuzz, F|93/100
|move|p1a: Dragapult|Thunder Wave|p2a: boots thats black
|-status|p2a: boots thats black|par
|
|upkeep
|turn|102
|
|switch|p1a: Tangrowth|Tangrowth, F|100/100 tox
|move|p2a: boots thats black|Foul Play|p1a: Tangrowth
|-damage|p1a: Tangrowth|84/100 tox
|
|-damage|p1a: Tangrowth|78/100 tox|[from] psn
|upkeep
|turn|103
|
|switch|p1a: Magearna|Magearna|71/100
|move|p2a: boots thats black|Foul Play|p1a: Magearna
|-resisted|p1a: Magearna
|-damage|p1a: Magearna|61/100
|
|upkeep
|turn|104
|
|switch|p2a: bull ridin boob|Blissey, F|69/100
|move|p1a: Magearna|Volt Switch|p2a: bull ridin boob
|-damage|p2a: bull ridin boob|61/100
|
|switch|p1a: Clefable|Clefable, F|81/100 par|[from]move: Volt Switch
|
|upkeep
|turn|105
|
|switch|p2a: in the valley|Rotom-Heat|66/100
|move|p1a: Clefable|Wish|p1a: Clefable
|
|upkeep
|turn|106
|
|switch|p1a: Dragapult|Dragapult, F|57/100 par
|move|p2a: in the valley|Nasty Plot|p2a: in the valley
|-boost|p2a: in the valley|spa|2
|
|-heal|p1a: Dragapult|100/100 par|[from] move: Wish|[wisher] Clefable
|upkeep
|turn|107
|
|move|p2a: in the valley|Pain Split|p1a: Dragapult
|-sethp|p1a: Dragapult|82/100 par|[from] move: Pain Split|[silent]
|-sethp|p2a: in the valley|86/100|[from] move: Pain Split
|move|p1a: Dragapult|Draco Meteor|p2a: in the valley
|-damage|p2a: in the valley|26/100
|-unboost|p1a: Dragapult|spa|2
|
|upkeep
|turn|108
|
|move|p2a: in the valley|Pain Split|p1a: Dragapult
|-sethp|p1a: Dragapult|53/100 par|[from] move: Pain Split|[silent]
|-sethp|p2a: in the valley|56/100|[from] move: Pain Split
|move|p1a: Dragapult|U-turn|p2a: in the valley
|-resisted|p2a: in the valley
|-damage|p2a: in the valley|47/100
|
|switch|p1a: Urshifu|Urshifu, F, shiny|100/100|[from]move: U-turn
|
|upkeep
|turn|109
|
|switch|p2a: lean in my bladder|Toxapex, M|99/100
|move|p1a: Urshifu|Wicked Blow|p2a: lean in my bladder
|-crit|p2a: lean in my bladder
|-damage|p2a: lean in my bladder|65/100
|-damage|p1a: Urshifu|84/100|[from] item: Rocky Helmet|[of] p2a: lean in my bladder
|
|upkeep
|turn|110
|
|switch|p1a: Magearna|Magearna|61/100
|move|p2a: lean in my bladder|Recover|p2a: lean in my bladder
|-heal|p2a: lean in my bladder|100/100
|
|upkeep
|turn|111
|
|move|p1a: Magearna|Volt Switch|p2a: lean in my bladder
|-supereffective|p2a: lean in my bladder
|-damage|p2a: lean in my bladder|54/100
|
|switch|p1a: Tangrowth|Tangrowth, F|100/100 tox|[from]move: Volt Switch
|move|p2a: lean in my bladder|Toxic Spikes|p1a: Tangrowth
|-sidestart|p1: Blimax|move: Toxic Spikes
|
|-damage|p1a: Tangrowth|94/100 tox|[from] psn
|upkeep
|turn|112
|
|switch|p2a: boots thats black|Mandibuzz, F|93/100 par
|move|p1a: Tangrowth|Sludge Bomb|p2a: boots thats black
|-damage|p2a: boots thats black|78/100 par
|
|-damage|p1a: Tangrowth|82/100 tox|[from] psn
|upkeep
|turn|113
|
|switch|p1a: Magearna|Magearna|61/100
|move|p2a: boots thats black|Foul Play|p1a: Magearna
|-resisted|p1a: Magearna
|-damage|p1a: Magearna|49/100
|
|upkeep
|turn|114
|
|switch|p2a: bull ridin boob|Blissey, F|61/100
|move|p1a: Magearna|Volt Switch|p2a: bull ridin boob
|-damage|p2a: bull ridin boob|54/100
|
|switch|p1a: Rotom|Rotom-Heat|41/100 tox|[from]move: Volt Switch
|
|-damage|p1a: Rotom|35/100 tox|[from] psn
|upkeep
|turn|115
|
|switch|p2a: in the valley|Rotom-Heat|47/100
|move|p1a: Rotom|Pain Split|p2a: in the valley
|-sethp|p2a: in the valley|41/100|[from] move: Pain Split|[silent]
|-sethp|p1a: Rotom|41/100 tox|[from] move: Pain Split
|
|-damage|p1a: Rotom|28/100 tox|[from] psn
|upkeep
|turn|116
|
|switch|p1a: Clefable|Clefable, F|81/100 par
|move|p2a: in the valley|Discharge|p1a: Clefable
|-damage|p1a: Clefable|59/100 par
|
|upkeep
|turn|117
|
|move|p2a: in the valley|Discharge|p1a: Clefable
|-damage|p1a: Clefable|38/100 par
|move|p1a: Clefable|Wish|p1a: Clefable
|
|upkeep
|turn|118
|
|move|p1a: Clefable|Protect|p1a: Clefable
|-singleturn|p1a: Clefable|Protect
|move|p2a: in the valley|Nasty Plot|p2a: in the valley
|-boost|p2a: in the valley|spa|2
|
|-heal|p1a: Clefable|88/100 par|[from] move: Wish|[wisher] Clefable
|upkeep
|turn|119
|
|move|p2a: in the valley|Pain Split|p1a: Clefable
|-sethp|p1a: Clefable|60/100 par|[from] move: Pain Split|[silent]
|-sethp|p2a: in the valley|77/100|[from] move: Pain Split
|move|p1a: Clefable|Wish|p1a: Clefable
|
|upkeep
|turn|120
|
|move|p2a: in the valley|Discharge|p1a: Clefable
|-damage|p1a: Clefable|39/100 par
|move|p1a: Clefable|Moonblast|p2a: in the valley
|-resisted|p2a: in the valley
|-damage|p2a: in the valley|61/100
|
|-heal|p1a: Clefable|89/100 par|[from] move: Wish|[wisher] Clefable
|upkeep
|turn|121
|inactive|Valentine has 270 seconds left.
|
|move|p2a: in the valley|Nasty Plot|p2a: in the valley
|-boost|p2a: in the valley|spa|2
|move|p1a: Clefable|Wish|p1a: Clefable
|
|upkeep
|turn|122
|
|move|p2a: in the valley|Discharge|p1a: Clefable
|-damage|p1a: Clefable|68/100 par
|move|p1a: Clefable|Moonblast|p2a: in the valley
|-resisted|p2a: in the valley
|-damage|p2a: in the valley|42/100
|-unboost|p2a: in the valley|spa|1
|
|-heal|p1a: Clefable|100/100 par|[from] move: Wish|[wisher] Clefable
|upkeep
|turn|123
|
|switch|p1a: Urshifu|Urshifu, F, shiny|84/100
|-status|p1a: Urshifu|psn
|move|p2a: in the valley|Pain Split|p1a: Urshifu
|-sethp|p1a: Urshifu|61/100 psn|[from] move: Pain Split|[silent]
|-sethp|p2a: in the valley|68/100|[from] move: Pain Split
|
|-damage|p1a: Urshifu|49/100 psn|[from] psn
|upkeep
|turn|124
|
|switch|p1a: Rotom|Rotom-Heat|28/100 tox
|switch|p2a: lean in my bladder|Toxapex, M|87/100
|
|-damage|p1a: Rotom|22/100 tox|[from] psn
|upkeep
|turn|125
|inactive|Valentine has 270 seconds left.
|
|switch|p2a: whip your porsche|Quagsire, M|94/100
|move|p1a: Rotom|Pain Split|p2a: whip your porsche
|-sethp|p2a: whip your porsche|56/100|[from] move: Pain Split|[silent]
|-sethp|p1a: Rotom|72/100 tox|[from] move: Pain Split
|
|-damage|p1a: Rotom|60/100 tox|[from] psn
|upkeep
|turn|126
|
|switch|p1a: Tangrowth|Tangrowth, F|100/100 tox
|move|p2a: whip your porsche|Recover|p2a: whip your porsche
|-heal|p2a: whip your porsche|100/100
|
|-damage|p1a: Tangrowth|94/100 tox|[from] psn
|upkeep
|turn|127
|
|switch|p1a: Clefable|Clefable, F|100/100 par
|switch|p2a: boots thats black|Mandibuzz, F|78/100 par
|
|upkeep
|turn|128
|
|switch|p2a: bull ridin boob|Blissey, F|54/100
|move|p1a: Clefable|Wish|p1a: Clefable
|
|upkeep
|turn|129
|
|switch|p1a: Magearna|Magearna|49/100
|move|p2a: bull ridin boob|Soft-Boiled|p2a: bull ridin boob
|-heal|p2a: bull ridin boob|100/100
|
|-heal|p1a: Magearna|100/100|[from] move: Wish|[wisher] Clefable
|upkeep
|turn|130
|
|move|p1a: Magearna|Volt Switch|p2a: bull ridin boob
|-crit|p2a: bull ridin boob
|-damage|p2a: bull ridin boob|89/100
|inactive|Blimax has 270 seconds left.
|
|switch|p1a: Dragapult|Dragapult, F|53/100 par|[from]move: Volt Switch
|move|p2a: bull ridin boob|Soft-Boiled|p2a: bull ridin boob
|-heal|p2a: bull ridin boob|100/100
|
|upkeep
|turn|131
|
|switch|p1a: Magearna|Magearna|100/100
|switch|p2a: lean in my bladder|Toxapex, M|100/100
|
|upkeep
|turn|132
|
|switch|p2a: bull ridin boob|Blissey, F|100/100
|move|p1a: Magearna|Volt Switch|p2a: bull ridin boob
|-damage|p2a: bull ridin boob|93/100
|
|switch|p1a: Dragapult|Dragapult, F|53/100 par|[from]move: Volt Switch
|
|upkeep
|turn|133
|
|switch|p1a: Magearna|Magearna|100/100
|switch|p2a: lean in my bladder|Toxapex, M|100/100
|
|upkeep
|turn|134
|
|switch|p2a: bull ridin boob|Blissey, F|93/100
|move|p1a: Magearna|Volt Switch|p2a: bull ridin boob
|-damage|p2a: bull ridin boob|86/100
|
|switch|p1a: Dragapult|Dragapult, F|53/100 par|[from]move: Volt Switch
|
|upkeep
|turn|135
|
|switch|p1a: Magearna|Magearna|100/100
|switch|p2a: lean in my bladder|Toxapex, M|100/100
|
|upkeep
|turn|136
|
|switch|p2a: bull ridin boob|Blissey, F|86/100
|move|p1a: Magearna|Volt Switch|p2a: bull ridin boob
|-damage|p2a: bull ridin boob|78/100
|
|switch|p1a: Dragapult|Dragapult, F|53/100 par|[from]move: Volt Switch
|
|upkeep
|turn|137
|
|switch|p1a: Magearna|Magearna|100/100
|switch|p2a: lean in my bladder|Toxapex, M|100/100
|
|upkeep
|turn|138
|
|switch|p2a: bull ridin boob|Blissey, F|78/100
|move|p1a: Magearna|Volt Switch|p2a: bull ridin boob
|-crit|p2a: bull ridin boob
|-damage|p2a: bull ridin boob|66/100
|
|switch|p1a: Dragapult|Dragapult, F|53/100 par|[from]move: Volt Switch
|
|upkeep
|turn|139
|
|switch|p1a: Magearna|Magearna|100/100
|move|p2a: bull ridin boob|Soft-Boiled|p2a: bull ridin boob
|-heal|p2a: bull ridin boob|100/100
|
|upkeep
|turn|140
|
|move|p1a: Magearna|Volt Switch|p2a: bull ridin boob
|-damage|p2a: bull ridin boob|93/100
|
|switch|p1a: Dragapult|Dragapult, F|53/100 par|[from]move: Volt Switch
|move|p2a: bull ridin boob|Soft-Boiled|p2a: bull ridin boob
|-heal|p2a: bull ridin boob|100/100
|
|upkeep
|turn|141
|
|switch|p1a: Magearna|Magearna|100/100
|switch|p2a: lean in my bladder|Toxapex, M|100/100
|
|upkeep
|turn|142
|
|switch|p2a: bull ridin boob|Blissey, F|100/100
|move|p1a: Magearna|Volt Switch|p2a: bull ridin boob
|-damage|p2a: bull ridin boob|92/100
|
|switch|p1a: Dragapult|Dragapult, F|53/100 par|[from]move: Volt Switch
|
|upkeep
|turn|143
|
|switch|p1a: Magearna|Magearna|100/100
|switch|p2a: lean in my bladder|Toxapex, M|100/100
|
|upkeep
|turn|144
|
|switch|p2a: bull ridin boob|Blissey, F|92/100
|move|p1a: Magearna|Volt Switch|p2a: bull ridin boob
|-damage|p2a: bull ridin boob|85/100
|
|switch|p1a: Dragapult|Dragapult, F|53/100 par|[from]move: Volt Switch
|
|upkeep
|turn|145
|
|switch|p2a: lean in my bladder|Toxapex, M|100/100
|move|p1a: Dragapult|Thunder Wave|p2a: lean in my bladder
|-status|p2a: lean in my bladder|par
|
|upkeep
|turn|146
|
|switch|p1a: Tangrowth|Tangrowth, F|100/100 tox
|move|p2a: lean in my bladder|Knock Off|p1a: Tangrowth
|-damage|p1a: Tangrowth|95/100 tox
|
|-damage|p1a: Tangrowth|89/100 tox|[from] psn
|upkeep
|turn|147
|
|switch|p1a: Magearna|Magearna|100/100
|switch|p2a: boots thats black|Mandibuzz, F|78/100 par
|
|upkeep
|turn|148
|
|switch|p1a: Clefable|Clefable, F|100/100 par
|switch|p2a: lean in my bladder|Toxapex, M|100/100 par
|
|upkeep
|turn|149
|
|switch|p2a: bull ridin boob|Blissey, F|85/100
|move|p1a: Clefable|Stealth Rock|p2a: bull ridin boob
|-sidestart|p2: Valentine|move: Stealth Rock
|
|upkeep
|turn|150
|
|switch|p1a: Dragapult|Dragapult, F|53/100 par
|move|p2a: bull ridin boob|Heal Bell|p2a: bull ridin boob
|-activate|p2a: bull ridin boob|move: Heal Bell
|-curestatus|p2: lean in my bladder|par|[msg]
|-curestatus|p2: boots thats black|par|[msg]
|
|upkeep
|turn|151
|
|switch|p2a: boots thats black|Mandibuzz, F|78/100
|-damage|p2a: boots thats black|53/100|[from] Stealth Rock
|move|p1a: Dragapult|Thunder Wave|p2a: boots thats black
|-status|p2a: boots thats black|par
|
|upkeep
|turn|152
|
|switch|p1a: Clefable|Clefable, F|100/100 par
|move|p2a: boots thats black|Roost|p2a: boots thats black
|-heal|p2a: boots thats black|100/100 par
|-singleturn|p2a: boots thats black|move: Roost
|
|upkeep
|turn|153
|
|cant|p2a: boots thats black|par
|move|p1a: Clefable|Wish|p1a: Clefable
|
|upkeep
|turn|154
|
|switch|p1a: Urshifu|Urshifu, F, shiny|49/100 psn
|move|p2a: boots thats black|Defog|p1a: Urshifu
|-unboost|p1a: Urshifu|evasion|1
|-sideend|p1: Blimax|Toxic Spikes|[from] move: Defog|[of] p2a: boots thats black
|-sideend|p2: Valentine|Stealth Rock|[from] move: Defog|[of] p2a: boots thats black
|
|-heal|p1a: Urshifu|100/100 psn|[from] move: Wish|[wisher] Clefable
|-damage|p1a: Urshifu|88/100 psn|[from] psn
|upkeep
|turn|155
|
|switch|p1a: Clefable|Clefable, F|100/100 par
|switch|p2a: lean in my bladder|Toxapex, M|100/100
|
|upkeep
|turn|156
|inactive|Valentine has 270 seconds left.
|inactive|Valentine has 240 seconds left.
|
|switch|p2a: boots thats black|Mandibuzz, F|100/100 par
|cant|p1a: Clefable|par
|
|upkeep
|turn|157
|
|switch|p2a: in the valley|Rotom-Heat|68/100
|move|p1a: Clefable|Stealth Rock|p2a: in the valley
|-sidestart|p2: Valentine|move: Stealth Rock
|
|upkeep
|turn|158
|
|switch|p1a: Urshifu|Urshifu, F, shiny|88/100 psn
|move|p2a: in the valley|Nasty Plot|p2a: in the valley
|-boost|p2a: in the valley|spa|2
|
|-damage|p1a: Urshifu|76/100 psn|[from] psn
|upkeep
|turn|159
|
|switch|p1a: Magearna|Magearna|100/100
|switch|p2a: lean in my bladder|Toxapex, M|100/100
|-damage|p2a: lean in my bladder|88/100|[from] Stealth Rock
|
|upkeep
|turn|160
|
|move|p1a: Magearna|Volt Switch|p2a: lean in my bladder
|-supereffective|p2a: lean in my bladder
|-damage|p2a: lean in my bladder|43/100
|
|switch|p1a: Tangrowth|Tangrowth, F|100/100 tox|[from]move: Volt Switch
|move|p2a: lean in my bladder|Recover|p2a: lean in my bladder
|-heal|p2a: lean in my bladder|94/100
|
|-damage|p1a: Tangrowth|94/100 tox|[from] psn
|upkeep
|turn|161
|
|switch|p1a: Magearna|Magearna|100/100
|switch|p2a: boots thats black|Mandibuzz, F|100/100 par
|-damage|p2a: boots thats black|75/100 par|[from] Stealth Rock
|
|upkeep
|turn|162
|
|switch|p2a: bull ridin boob|Blissey, F|85/100
|-damage|p2a: bull ridin boob|72/100|[from] Stealth Rock
|move|p1a: Magearna|Volt Switch|p2a: bull ridin boob
|-damage|p2a: bull ridin boob|64/100
|
|switch|p1a: Dragapult|Dragapult, F|53/100 par|[from]move: Volt Switch
|
|upkeep
|turn|163
|
|cant|p1a: Dragapult|par
|move|p2a: bull ridin boob|Soft-Boiled|p2a: bull ridin boob
|-heal|p2a: bull ridin boob|100/100
|
|upkeep
|turn|164
|
|switch|p1a: Magearna|Magearna|100/100
|switch|p2a: lean in my bladder|Toxapex, M|100/100
|-damage|p2a: lean in my bladder|88/100|[from] Stealth Rock
|
|upkeep
|turn|165
|
|switch|p1a: Tangrowth|Tangrowth, F|100/100 tox
|switch|p2a: whip your porsche|Quagsire, M|100/100
|-damage|p2a: whip your porsche|94/100|[from] Stealth Rock
|
|-damage|p1a: Tangrowth|94/100 tox|[from] psn
|upkeep
|turn|166
|inactive|Valentine has 240 seconds left.
|
|switch|p1a: Magearna|Magearna|100/100
|move|p2a: whip your porsche|Earthquake|p1a: Magearna
|-supereffective|p1a: Magearna
|-damage|p1a: Magearna|44/100
|
|upkeep
|turn|167
|
|switch|p1a: Tangrowth|Tangrowth, F|100/100 tox
|move|p2a: whip your porsche|Earthquake|p1a: Tangrowth
|-resisted|p1a: Tangrowth
|-damage|p1a: Tangrowth|93/100 tox
|
|-damage|p1a: Tangrowth|87/100 tox|[from] psn
|upkeep
|turn|168
|inactive|Valentine has 210 seconds left.
|
|switch|p1a: Clefable|Clefable, F|100/100 par
|switch|p2a: boots thats black|Mandibuzz, F|75/100 par
|-damage|p2a: boots thats black|50/100 par|[from] Stealth Rock
|
|upkeep
|turn|169
|inactive|Valentine has 210 seconds left.
|
|move|p2a: boots thats black|Roost|p2a: boots thats black
|-heal|p2a: boots thats black|100/100 par
|-singleturn|p2a: boots thats black|move: Roost
|move|p1a: Clefable|Moonblast|p2a: boots thats black
|-supereffective|p2a: boots thats black
|-damage|p2a: boots thats black|54/100 par
|-unboost|p2a: boots thats black|spa|1
|
|upkeep
|turn|170
|inactive|Valentine has 210 seconds left.
|inactive|Valentine has 180 seconds left.
|inactive|Valentine has 150 seconds left.
|
|switch|p2a: in the valley|Rotom-Heat|68/100
|move|p1a: Clefable|Moonblast|p2a: in the valley
|-resisted|p2a: in the valley
|-damage|p2a: in the valley|53/100
|-unboost|p2a: in the valley|spa|1
|
|upkeep
|turn|171
|
|move|p2a: in the valley|Nasty Plot|p2a: in the valley
|-boost|p2a: in the valley|spa|2
|cant|p1a: Clefable|par
|
|upkeep
|turn|172
|inactive|Blimax has 270 seconds left.
|
|move|p2a: in the valley|Nasty Plot|p2a: in the valley
|-boost|p2a: in the valley|spa|2
|move|p1a: Clefable|Wish|p1a: Clefable
|
|upkeep
|turn|173
|
|switch|p1a: Rotom|Rotom-Heat|60/100 tox
|move|p2a: in the valley|Discharge|p1a: Rotom
|-resisted|p1a: Rotom
|-damage|p1a: Rotom|20/100 tox
|
|-heal|p1a: Rotom|85/100 tox|[from] move: Wish|[wisher] Clefable
|-damage|p1a: Rotom|78/100 tox|[from] psn
|upkeep
|turn|174
|
|move|p2a: in the valley|Discharge|p1a: Rotom
|-resisted|p1a: Rotom
|-damage|p1a: Rotom|42/100 tox
|move|p1a: Rotom|Overheat|p2a: in the valley
|-resisted|p2a: in the valley
|-damage|p2a: in the valley|28/100
|-unboost|p1a: Rotom|spa|2
|
|-damage|p1a: Rotom|29/100 tox|[from] psn
|upkeep
|turn|175
|inactive|Valentine has 120 seconds left.
|inactive|Blimax has 240 seconds left.
|
|move|p2a: in the valley|Discharge|p1a: Rotom
|-resisted|p1a: Rotom
|-damage|p1a: Rotom|0 fnt
|faint|p1a: Rotom
|
|upkeep
|
|switch|p1a: Urshifu|Urshifu, F, shiny|76/100 psn
|turn|176
|inactive|Blimax has 210 seconds left.
|
|switch|p1a: Magearna|Magearna|44/100
|switch|p2a: lean in my bladder|Toxapex, M|100/100
|-damage|p2a: lean in my bladder|88/100|[from] Stealth Rock
|
|upkeep
|turn|177
|inactive|Valentine has 120 seconds left.
|
|switch|p2a: bull ridin boob|Blissey, F|100/100
|-damage|p2a: bull ridin boob|88/100|[from] Stealth Rock
|move|p1a: Magearna|Volt Switch|p2a: bull ridin boob
|-damage|p2a: bull ridin boob|81/100
|
|switch|p1a: Clefable|Clefable, F|100/100 par|[from]move: Volt Switch
|
|upkeep
|turn|178
|
|switch|p2a: in the valley|Rotom-Heat|28/100
|move|p1a: Clefable|Wish|p1a: Clefable
|
|upkeep
|turn|179
|
|switch|p1a: Dragapult|Dragapult, F|53/100 par
|move|p2a: in the valley|Overheat|p1a: Dragapult
|-resisted|p1a: Dragapult
|-damage|p1a: Dragapult|20/100 par
|-unboost|p2a: in the valley|spa|2
|
|-heal|p1a: Dragapult|82/100 par|[from] move: Wish|[wisher] Clefable
|upkeep
|turn|180
|inactive|Valentine has 90 seconds left.
|
|move|p2a: in the valley|Pain Split|p1a: Dragapult
|-sethp|p1a: Dragapult|54/100 par|[from] move: Pain Split|[silent]
|-sethp|p2a: in the valley|57/100|[from] move: Pain Split
|move|p1a: Dragapult|U-turn|p2a: in the valley
|-resisted|p2a: in the valley
|-damage|p2a: in the valley|47/100
|
|switch|p1a: Urshifu|Urshifu, F, shiny|76/100 psn|[from]move: U-turn
|
|-damage|p1a: Urshifu|64/100 psn|[from] psn
|upkeep
|turn|181
|
|switch|p1a: Magearna|Magearna|44/100
|switch|p2a: lean in my bladder|Toxapex, M|100/100
|-damage|p2a: lean in my bladder|88/100|[from] Stealth Rock
|
|upkeep
|turn|182
|inactive|Valentine has 90 seconds left.
|
|switch|p2a: bull ridin boob|Blissey, F|81/100
|-damage|p2a: bull ridin boob|68/100|[from] Stealth Rock
|move|p1a: Magearna|Volt Switch|p2a: bull ridin boob
|-damage|p2a: bull ridin boob|61/100
|
|switch|p1a: Dragapult|Dragapult, F|54/100 par|[from]move: Volt Switch
|
|upkeep
|turn|183
|inactive|Blimax has 180 seconds left.
|inactive|Valentine has 90 seconds left.
|
|move|p1a: Dragapult|Thunder Wave|p2a: bull ridin boob
|-status|p2a: bull ridin boob|par
|move|p2a: bull ridin boob|Soft-Boiled|p2a: bull ridin boob
|-heal|p2a: bull ridin boob|100/100 par
|
|upkeep
|turn|184
|inactive|Blimax has 180 seconds left.
|inactive|Valentine has 90 seconds left.
|
|cant|p1a: Dragapult|par
|move|p2a: bull ridin boob|Soft-Boiled||[still]
|-fail|p2a: bull ridin boob|heal
|
|upkeep
|turn|185
|
|move|p1a: Dragapult|Draco Meteor|p2a: bull ridin boob
|-damage|p2a: bull ridin boob|85/100 par
|-unboost|p1a: Dragapult|spa|2
|cant|p2a: bull ridin boob|par
|
|upkeep
|turn|186
|
|switch|p1a: Clefable|Clefable, F|100/100 par
|switch|p2a: lean in my bladder|Toxapex, M|100/100
|-damage|p2a: lean in my bladder|88/100|[from] Stealth Rock
|
|upkeep
|turn|187
|inactive|Valentine has 60 seconds left.
|
|switch|p2a: in the valley|Rotom-Heat|47/100
|cant|p1a: Clefable|par
|
|upkeep
|turn|188
|
|switch|p1a: Urshifu|Urshifu, F, shiny|64/100 psn
|move|p2a: in the valley|Nasty Plot|p2a: in the valley
|-boost|p2a: in the valley|spa|2
|
|-damage|p1a: Urshifu|51/100 psn|[from] psn
|upkeep
|turn|189
|inactive|Blimax has 150 seconds left.
|
|switch|p1a: Magearna|Magearna|44/100
|switch|p2a: lean in my bladder|Toxapex, M|100/100
|-damage|p2a: lean in my bladder|88/100|[from] Stealth Rock
|
|upkeep
|turn|190
|inactive|Valentine has 60 seconds left.
|
|move|p1a: Magearna|Volt Switch|p2a: lean in my bladder
|-supereffective|p2a: lean in my bladder
|-damage|p2a: lean in my bladder|43/100
|
|switch|p1a: Tangrowth|Tangrowth, F|100/100 tox|[from]move: Volt Switch
|move|p2a: lean in my bladder|Recover|p2a: lean in my bladder
|-heal|p2a: lean in my bladder|94/100
|
|-damage|p1a: Tangrowth|94/100 tox|[from] psn
|upkeep
|turn|191
|inactive|Valentine has 60 seconds left.
|inactive|Blimax has 150 seconds left.
|
|switch|p2a: bull ridin boob|Blissey, F|85/100
|-damage|p2a: bull ridin boob|73/100|[from] Stealth Rock
|move|p1a: Tangrowth|Sleep Powder|p2a: bull ridin boob|[miss]
|-miss|p1a: Tangrowth|p2a: bull ridin boob
|
|-damage|p1a: Tangrowth|82/100 tox|[from] psn
|upkeep
|turn|192
|
|switch|p1a: Dragapult|Dragapult, F|54/100 par
|move|p2a: bull ridin boob|Seismic Toss|p1a: Dragapult
|-immune|p1a: Dragapult
|
|upkeep
|turn|193
|
|switch|p2a: lean in my bladder|Toxapex, M|100/100
|-damage|p2a: lean in my bladder|88/100|[from] Stealth Rock
|move|p1a: Dragapult|Hex|p2a: lean in my bladder
|-damage|p2a: lean in my bladder|59/100
|
|upkeep
|turn|194
|
|switch|p1a: Tangrowth|Tangrowth, F|100/100 tox
|switch|p2a: bull ridin boob|Blissey, F|73/100
|-damage|p2a: bull ridin boob|60/100|[from] Stealth Rock
|
|-damage|p1a: Tangrowth|94/100 tox|[from] psn
|upkeep
|turn|195
|
|switch|p1a: Dragapult|Dragapult, F|54/100 par
|move|p2a: bull ridin boob|Soft-Boiled|p2a: bull ridin boob
|-heal|p2a: bull ridin boob|100/100
|
|upkeep
|turn|196
|inactive|Valentine has 30 seconds left.
|
|move|p1a: Dragapult|Thunder Wave|p2a: bull ridin boob
|-status|p2a: bull ridin boob|par
|cant|p2a: bull ridin boob|par
|
|upkeep
|turn|197
|
|move|p1a: Dragapult|Thunder Wave|p2a: bull ridin boob
|-fail|p2a: bull ridin boob|par
|move|p2a: bull ridin boob|Soft-Boiled||[still]
|-fail|p2a: bull ridin boob|heal
|
|upkeep
|turn|198
|
|-curestatus|p2a: bull ridin boob|par|[from] ability: Natural Cure
|switch|p2a: boots thats black|Mandibuzz, F|54/100 par
|-damage|p2a: boots thats black|29/100 par|[from] Stealth Rock
|move|p1a: Dragapult|Thunder Wave|p2a: boots thats black
|-fail|p2a: boots thats black|par
|
|upkeep
|turn|199
|
|move|p1a: Dragapult|Draco Meteor|p2a: boots thats black
|-damage|p2a: boots thats black|0 fnt
|-unboost|p1a: Dragapult|spa|2
|faint|p2a: boots thats black
|
|upkeep
|inactive|Valentine has 30 seconds left.
|inactive|Valentine has 20 seconds left.
|
|switch|p2a: in the valley|Rotom-Heat|47/100
|turn|200
|inactive|Valentine has 25 seconds left this turn.
|
|move|p2a: in the valley|Nasty Plot|p2a: in the valley
|-boost|p2a: in the valley|spa|2
|move|p1a: Dragapult|U-turn|p2a: in the valley
|-resisted|p2a: in the valley
|-damage|p2a: in the valley|38/100
|inactive|Valentine has 25 seconds left this turn.
|
|switch|p1a: Urshifu|Urshifu, F, shiny|51/100 psn|[from]move: U-turn
|
|-damage|p1a: Urshifu|39/100 psn|[from] psn
|upkeep
|turn|201
|inactive|Valentine has 30 seconds left this turn.
|
|switch|p1a: Clefable|Clefable, F|100/100 par
|switch|p2a: lean in my bladder|Toxapex, M|93/100
|-damage|p2a: lean in my bladder|80/100|[from] Stealth Rock
|
|upkeep
|turn|202
|inactive|Valentine has 30 seconds left this turn.
|
|switch|p2a: in the valley|Rotom-Heat|38/100
|cant|p1a: Clefable|par
|
|upkeep
|turn|203
|
|switch|p1a: Urshifu|Urshifu, F, shiny|39/100 psn
|move|p2a: in the valley|Nasty Plot|p2a: in the valley
|-boost|p2a: in the valley|spa|2
|
|-damage|p1a: Urshifu|27/100 psn|[from] psn
|upkeep
|turn|204
|inactive|Valentine has 30 seconds left.
|
|switch|p1a: Clefable|Clefable, F|100/100 par
|move|p2a: in the valley|Discharge|p1a: Clefable
|-damage|p1a: Clefable|78/100 par
|
|upkeep
|turn|205
|inactive|Valentine has 30 seconds left.
|inactive|Blimax has 120 seconds left.
|
|move|p2a: in the valley|Pain Split|p1a: Clefable
|-sethp|p1a: Clefable|54/100 par|[from] move: Pain Split|[silent]
|-sethp|p2a: in the valley|69/100|[from] move: Pain Split
|move|p1a: Clefable|Moonblast|p2a: in the valley
|-resisted|p2a: in the valley
|-damage|p2a: in the valley|53/100
|
|upkeep
|turn|206
|inactive|Valentine has 30 seconds left this turn.
|inactive|Blimax has 90 seconds left.
|
|switch|p1a: Magearna|Magearna|44/100
|move|p2a: in the valley|Nasty Plot|p2a: in the valley
|-boost|p2a: in the valley|spa|2
|
|upkeep
|turn|207
|inactive|Blimax has 90 seconds left.
|
|move|p2a: in the valley|Discharge|p1a: Magearna
|-damage|p1a: Magearna|0 fnt
|faint|p1a: Magearna
|
|upkeep
|
|switch|p1a: Urshifu|Urshifu, F, shiny|27/100 psn
|turn|208
|inactive|Blimax has 90 seconds left.
|
|switch|p1a: Tangrowth|Tangrowth, F|100/100 tox
|switch|p2a: lean in my bladder|Toxapex, M|100/100
|-damage|p2a: lean in my bladder|88/100|[from] Stealth Rock
|
|-damage|p1a: Tangrowth|94/100 tox|[from] psn
|upkeep
|turn|209
|inactive|Valentine has 30 seconds left.
|
|switch|p2a: whip your porsche|Quagsire, M|94/100
|-damage|p2a: whip your porsche|88/100|[from] Stealth Rock
|move|p1a: Tangrowth|Sleep Powder|p2a: whip your porsche|[miss]
|-miss|p1a: Tangrowth|p2a: whip your porsche
|
|-damage|p1a: Tangrowth|82/100 tox|[from] psn
|upkeep
|turn|210
|inactive|Valentine has 30 seconds left this turn.
|
|switch|p2a: lean in my bladder|Toxapex, M|100/100
|-damage|p2a: lean in my bladder|88/100|[from] Stealth Rock
|move|p1a: Tangrowth|Sleep Powder|p2a: lean in my bladder
|-status|p2a: lean in my bladder|slp|[from] move: Sleep Powder
|
|-damage|p1a: Tangrowth|63/100 tox|[from] psn
|upkeep
|turn|211
|inactive|Valentine has 25 seconds left this turn.
|inactive|Valentine has 20 seconds left.
|
|switch|p1a: Dragapult|Dragapult, F|54/100 par
|switch|p2a: bull ridin boob|Blissey, F|100/100
|-damage|p2a: bull ridin boob|88/100|[from] Stealth Rock
|
|upkeep
|turn|212
|inactive|Valentine has 25 seconds left this turn.
|inactive|Valentine has 20 seconds left.
|
|switch|p2a: lean in my bladder|Toxapex, M|100/100 slp
|-damage|p2a: lean in my bladder|88/100 slp|[from] Stealth Rock
|move|p1a: Dragapult|Hex|p2a: lean in my bladder
|-damage|p2a: lean in my bladder|36/100 slp
|
|upkeep
|turn|213
|inactive|Valentine has 20 seconds left this turn.
|
|switch|p2a: bull ridin boob|Blissey, F|88/100
|-damage|p2a: bull ridin boob|76/100|[from] Stealth Rock
|move|p1a: Dragapult|Hex|p2a: bull ridin boob
|-immune|p2a: bull ridin boob
|
|upkeep
|turn|214
|inactive|Valentine has 25 seconds left this turn.
|inactive|Valentine has 20 seconds left.
|
|move|p1a: Dragapult|Thunder Wave|p2a: bull ridin boob
|-status|p2a: bull ridin boob|par
|move|p2a: bull ridin boob|Soft-Boiled|p2a: bull ridin boob
|-heal|p2a: bull ridin boob|100/100 par
|
|upkeep
|turn|215
|inactive|Valentine has 20 seconds left this turn.
|inactive|Valentine has 15 seconds left.
|
|cant|p1a: Dragapult|par
|move|p2a: bull ridin boob|Soft-Boiled||[still]
|-fail|p2a: bull ridin boob|heal
|
|upkeep
|turn|216
|inactive|Valentine has 20 seconds left this turn.
|
|move|p1a: Dragapult|Hex|p2a: bull ridin boob
|-immune|p2a: bull ridin boob
|move|p2a: bull ridin boob|Soft-Boiled||[still]
|-fail|p2a: bull ridin boob|heal
|
|upkeep
|turn|217
|inactive|Valentine has 20 seconds left this turn.
|
|move|p1a: Dragapult|Hex|p2a: bull ridin boob
|-immune|p2a: bull ridin boob
|move|p2a: bull ridin boob|Soft-Boiled||[still]
|-fail|p2a: bull ridin boob|heal
|
|upkeep
|turn|218
|inactive|Valentine has 25 seconds left this turn.
|inactive|Valentine has 20 seconds left.
|
|-curestatus|p2a: bull ridin boob|par|[from] ability: Natural Cure
|switch|p2a: whip your porsche|Quagsire, M|88/100
|-damage|p2a: whip your porsche|82/100|[from] Stealth Rock
|move|p1a: Dragapult|Hex|p2a: whip your porsche
|-crit|p2a: whip your porsche
|-damage|p2a: whip your porsche|25/100
|
|upkeep
|turn|219
|inactive|Valentine has 20 seconds left this turn.
|inactive|Valentine has 15 seconds left.
|
|move|p1a: Dragapult|Hex|p2a: whip your porsche
|-damage|p2a: whip your porsche|0 fnt
|faint|p2a: whip your porsche
|
|upkeep
|inactive|Valentine has 20 seconds left this turn.
|
|switch|p2a: in the valley|Rotom-Heat|53/100
|turn|220
|inactive|Valentine has 20 seconds left this turn.
|inactive|Valentine has 15 seconds left.
|
|move|p2a: in the valley|Discharge|p1a: Dragapult
|-resisted|p1a: Dragapult
|-damage|p1a: Dragapult|36/100 par
|cant|p1a: Dragapult|par
|
|upkeep
|turn|221
|inactive|Valentine has 20 seconds left this turn.
|
|move|p2a: in the valley|Discharge|p1a: Dragapult
|-resisted|p1a: Dragapult
|-damage|p1a: Dragapult|15/100 par
|move|p1a: Dragapult|Draco Meteor|p2a: in the valley
|-damage|p2a: in the valley|0 fnt
|-unboost|p1a: Dragapult|spa|2
|faint|p2a: in the valley
|
|upkeep
|inactive|Valentine has 20 seconds left this turn.
|-message|Valentine forfeited.
|
|win|Blimax
|inactive|Valentine has 20 seconds left this turn.
|c|☆Blimax|yeahhhh
|c|☆Blimax|fukkk
|c|☆Blimax|my god
|c|☆Blimax|gg bro
|c|☆Blimax|u took my breath away
