|inactive|Battle timer is ON: inactive players will automatically lose when time's up.
|t:|1622777972
|gametype|singles
|player|p1|Valentine|#wcop2021uswest|
|player|p2|Gtcha|picnicker|
|teamsize|p1|6
|teamsize|p2|6
|gen|8
|tier|[Gen 8] OU
|rule|Sleep Clause Mod: Limit one foe put to sleep
|rule|Species Clause: Limit one of each Pokémon
|rule|OHKO Clause: OHKO moves are banned
|rule|Evasion Moves Clause: Evasion moves are banned
|rule|Endless Battle Clause: Forcing endless battles is banned
|rule|HP Percentage Mod: HP is shown in percentages
|rule|Dynamax Clause: You cannot dynamax
|clearpoke
|poke|p1|Tapu Koko|
|poke|p1|Excadrill, M|
|poke|p1|Tyranitar, M|
|poke|p1|Dracozolt|
|poke|p1|Hawlucha, M|
|poke|p1|Zapdos|
|poke|p2|Clefable, F|
|poke|p2|Dragonite, F|
|poke|p2|Ferrothorn, M|
|poke|p2|Landorus-Therian, M|
|poke|p2|Tapu Koko|
|poke|p2|Heatran, F|
|teampreview
|c|☆Gtcha|hf
|c|+Nalorium|wcop?
|c|+Javoon|in
|c|+Meg4Lucari0|EL BLICH
|c|+dahli|bichota
|c|+Enzonana|BLEACH
|c|+Meg4Lucari0|LETS GOOOOOOO
|c|+Nalorium|apestas javoon 
|c|+Enzonana|PETE
|c|+attribute|go valll
|c|+ALlCE|bleach..
|c|+IamFakee|in
|c|+Enzonana|DALEEEEEEEEEE
|c|+Javoon|nalorium calvo
|raw|<div class="broadcast-red"><strong>Moderated chat was set to ☆!</strong><br />Only users of rank ☆ and higher can talk.</div>
|inactive|Gtcha has 270 seconds left.
|inactive|Gtcha has 240 seconds left.
|
|t:|1622778059
|start
|switch|p1a: endless revisions|Tyranitar, M|100/100
|switch|p2a: Landorus|Landorus-Therian, M|100/100
|-ability|p2a: Landorus|Intimidate|boost
|-unboost|p1a: endless revisions|atk|1
|-weather|Sandstorm|[from] ability: Sand Stream|[of] p1a: endless revisions
|turn|1
|inactive|Gtcha has 270 seconds left.
|
|t:|1622778077
|switch|p2a: Ferrothorn|Ferrothorn, M|100/100
|move|p1a: endless revisions|Ice Beam|p2a: Ferrothorn
|-damage|p2a: Ferrothorn|83/100
|-status|p2a: Ferrothorn|frz
|
|-weather|Sandstorm|[upkeep]
|-heal|p2a: Ferrothorn|89/100 frz|[from] item: Leftovers
|upkeep
|turn|2
|inactive|Gtcha has 270 seconds left.
|
|t:|1622778103
|switch|p2a: Clefable|Clefable, F|100/100
|move|p1a: endless revisions|Fire Blast|p2a: Clefable
|-damage|p2a: Clefable|76/100
|
|-weather|Sandstorm|[upkeep]
|-heal|p2a: Clefable|82/100|[from] item: Leftovers
|upkeep
|turn|3
|
|t:|1622778124
|move|p1a: endless revisions|Stealth Rock|p2a: Clefable
|-sidestart|p2: Gtcha|move: Stealth Rock
|move|p2a: Clefable|Moonblast|p1a: endless revisions
|-supereffective|p1a: endless revisions
|-damage|p1a: endless revisions|62/100
|
|-weather|Sandstorm|[upkeep]
|-heal|p2a: Clefable|89/100|[from] item: Leftovers
|upkeep
|turn|4
|
|t:|1622778135
|switch|p1a: rolling on|Excadrill, M|100/100
|move|p2a: Clefable|Heal Bell|p2a: Clefable
|-activate|p2a: Clefable|move: Heal Bell
|-curestatus|p2: Ferrothorn|frz|[msg]
|
|-weather|Sandstorm|[upkeep]
|-heal|p2a: Clefable|95/100|[from] item: Leftovers
|upkeep
|turn|5
|inactive|Gtcha has 240 seconds left.
|inactive|Valentine has 270 seconds left.
|inactive|Valentine has 240 seconds left.
|
|t:|1622778197
|switch|p2a: Landorus|Landorus-Therian, M|100/100
|-damage|p2a: Landorus|88/100|[from] Stealth Rock
|-ability|p2a: Landorus|Intimidate|boost
|-unboost|p1a: rolling on|atk|1
|move|p1a: rolling on|Swords Dance|p1a: rolling on
|-boost|p1a: rolling on|atk|2
|
|-weather|Sandstorm|[upkeep]
|-heal|p2a: Landorus|94/100|[from] item: Leftovers
|upkeep
|turn|6
|
|t:|1622778217
|switch|p2a: Heatran|Heatran, F|100/100
|-damage|p2a: Heatran|88/100|[from] Stealth Rock
|move|p1a: rolling on|Iron Head|p2a: Heatran
|-resisted|p2a: Heatran
|-damage|p2a: Heatran|69/100
|-damage|p1a: rolling on|91/100|[from] item: Life Orb
|
|-weather|Sandstorm|[upkeep]
|-heal|p2a: Heatran|75/100|[from] item: Leftovers
|upkeep
|turn|7
|inactive|Valentine has 240 seconds left.
|inactive|Gtcha has 210 seconds left.
|
|t:|1622778254
|move|p1a: rolling on|Iron Head|p2a: Heatran
|-resisted|p2a: Heatran
|-damage|p2a: Heatran|58/100
|-damage|p1a: rolling on|81/100|[from] item: Life Orb
|cant|p2a: Heatran|flinch
|
|-weather|Sandstorm|[upkeep]
|-heal|p2a: Heatran|64/100|[from] item: Leftovers
|upkeep
|turn|8
|inactive|Gtcha has 210 seconds left.
|c|☆Gtcha|.
|inactive|Valentine has 210 seconds left.
|inactive|Gtcha has 180 seconds left.
|
|t:|1622778289
|switch|p2a: Landorus|Landorus-Therian, M|94/100
|-damage|p2a: Landorus|82/100|[from] Stealth Rock
|-ability|p2a: Landorus|Intimidate|boost
|-unboost|p1a: rolling on|atk|1
|move|p1a: rolling on|Iron Head|p2a: Landorus
|-damage|p2a: Landorus|9/100
|-damage|p1a: rolling on|71/100|[from] item: Life Orb
|
|-weather|none
|-heal|p2a: Landorus|15/100|[from] item: Leftovers
|upkeep
|turn|9
|inactive|Valentine has 210 seconds left.
|inactive|Gtcha has 180 seconds left.
|inactive|Valentine has 180 seconds left.
|inactive|Gtcha has 150 seconds left.
|
|t:|1622778350
|switch|p1a: garden of green|Zapdos|100/100
|move|p2a: Landorus|Defog|p1a: garden of green
|-unboost|p1a: garden of green|evasion|1
|-sideend|p2: Gtcha|Stealth Rock|[from] move: Defog|[of] p2a: Landorus
|
|-heal|p2a: Landorus|21/100|[from] item: Leftovers
|upkeep
|turn|10
|inactive|Gtcha has 150 seconds left.
|
|t:|1622778384
|switch|p2a: Heatran|Heatran, F|64/100
|move|p1a: garden of green|Hurricane|p2a: Heatran
|-resisted|p2a: Heatran
|-damage|p2a: Heatran|39/100
|
|-heal|p2a: Heatran|46/100|[from] item: Leftovers
|upkeep
|turn|11
|inactive|Gtcha has 120 seconds left.
|inactive|Valentine has 150 seconds left.
|inactive|Valentine has 120 seconds left.
|
|t:|1622778445
|move|p1a: garden of green|Hurricane|p2a: Heatran|[miss]
|-miss|p1a: garden of green|p2a: Heatran
|move|p2a: Heatran|Magma Storm|p1a: garden of green
|-damage|p1a: garden of green|48/100
|-activate|p1a: garden of green|move: Magma Storm|[of] p2a: Heatran
|
|-heal|p2a: Heatran|52/100|[from] item: Leftovers
|-damage|p1a: garden of green|35/100|[from] move: Magma Storm|[partiallytrapped]
|upkeep
|turn|12
|
|t:|1622778455
|move|p1a: garden of green|Hurricane|p2a: Heatran
|-resisted|p2a: Heatran
|-damage|p2a: Heatran|25/100
|-start|p2a: Heatran|confusion
|-activate|p2a: Heatran|confusion
|move|p2a: Heatran|Magma Storm|p1a: garden of green
|-damage|p1a: garden of green|0 fnt
|faint|p1a: garden of green
|
|-heal|p2a: Heatran|31/100|[from] item: Leftovers
|upkeep
|
|t:|1622778460
|switch|p1a: endless revisions|Tyranitar, M|62/100
|-weather|Sandstorm|[from] ability: Sand Stream|[of] p1a: endless revisions
|turn|13
|inactive|Gtcha has 120 seconds left.
|inactive|Gtcha has 90 seconds left.
|
|t:|1622778496
|switch|p2a: Clefable|Clefable, F|95/100
|move|p1a: endless revisions|Stealth Rock|p2a: Clefable
|-sidestart|p2: Gtcha|move: Stealth Rock
|
|-weather|Sandstorm|[upkeep]
|-heal|p2a: Clefable|100/100|[from] item: Leftovers
|upkeep
|turn|14
|inactive|Valentine has 150 seconds left.
|inactive|Gtcha has 90 seconds left.
|
|t:|1622778529
|switch|p1a: rolling on|Excadrill, M|71/100
|move|p2a: Clefable|Moonblast|p1a: rolling on
|-resisted|p1a: rolling on
|-damage|p1a: rolling on|51/100
|
|-weather|Sandstorm|[upkeep]
|upkeep
|turn|15
|
|t:|1622778537
|switch|p2a: Landorus|Landorus-Therian, M|21/100
|-damage|p2a: Landorus|8/100|[from] Stealth Rock
|-ability|p2a: Landorus|Intimidate|boost
|-unboost|p1a: rolling on|atk|1
|move|p1a: rolling on|Swords Dance|p1a: rolling on
|-boost|p1a: rolling on|atk|2
|
|-weather|Sandstorm|[upkeep]
|-heal|p2a: Landorus|14/100|[from] item: Leftovers
|upkeep
|turn|16
|inactive|Gtcha has 90 seconds left.
|
|t:|1622778544
|switch|p2a: Heatran|Heatran, F|31/100
|-damage|p2a: Heatran|19/100|[from] Stealth Rock
|move|p1a: rolling on|Iron Head|p2a: Heatran
|-resisted|p2a: Heatran
|-damage|p2a: Heatran|0 fnt
|faint|p2a: Heatran
|-damage|p1a: rolling on|41/100|[from] item: Life Orb
|
|-weather|Sandstorm|[upkeep]
|upkeep
|inactive|Gtcha has 90 seconds left.
|
|t:|1622778562
|switch|p2a: Landorus|Landorus-Therian, M|14/100
|-damage|p2a: Landorus|2/100|[from] Stealth Rock
|-ability|p2a: Landorus|Intimidate|boost
|-unboost|p1a: rolling on|atk|1
|turn|17
|
|t:|1622778572
|switch|p2a: Ferrothorn|Ferrothorn, M|89/100
|-damage|p2a: Ferrothorn|83/100|[from] Stealth Rock
|move|p1a: rolling on|Iron Head|p2a: Ferrothorn
|-resisted|p2a: Ferrothorn
|-damage|p2a: Ferrothorn|63/100
|-damage|p1a: rolling on|28/100|[from] ability: Iron Barbs|[of] p2a: Ferrothorn
|-damage|p1a: rolling on|18/100|[from] item: Life Orb
|
|-weather|Sandstorm|[upkeep]
|-heal|p2a: Ferrothorn|69/100|[from] item: Leftovers
|upkeep
|turn|18
|
|t:|1622778587
|move|p1a: rolling on|Earthquake|p2a: Ferrothorn
|-damage|p2a: Ferrothorn|16/100
|-damage|p1a: rolling on|8/100|[from] item: Life Orb
|move|p2a: Ferrothorn|Knock Off|p1a: rolling on
|-crit|p1a: rolling on
|-damage|p1a: rolling on|0 fnt
|-enditem|p1a: rolling on|Life Orb|[from] move: Knock Off|[of] p2a: Ferrothorn
|faint|p1a: rolling on
|
|-weather|Sandstorm|[upkeep]
|-heal|p2a: Ferrothorn|22/100|[from] item: Leftovers
|upkeep
|inactive|Valentine has 150 seconds left.
|inactive|Valentine has 120 seconds left.
|
|t:|1622778643
|switch|p1a: sweetness alone|Dracozolt|100/100
|turn|19
|inactive|Gtcha has 90 seconds left.
|inactive|Valentine has 120 seconds left.
|
|t:|1622778676
|switch|p2a: Landorus|Landorus-Therian, M|2/100
|-damage|p2a: Landorus|0 fnt|[from] Stealth Rock
|faint|p2a: Landorus
|move|p1a: sweetness alone|Fire Blast|p2: Landorus|[notarget]
|-fail|p1a: sweetness alone
|
|-weather|Sandstorm|[upkeep]
|upkeep
|inactive|Gtcha has 60 seconds left.
|
|t:|1622778692
|switch|p2a: Dragonite|Dragonite, F|100/100
|turn|20
|inactive|Valentine has 120 seconds left.
|inactive|Valentine has 90 seconds left.
|inactive|Valentine has 60 seconds left.
|inactive|Gtcha has 60 seconds left.
|inactive|Valentine has 30 seconds left.
|
|t:|1622778797
|move|p1a: sweetness alone|Draco Meteor|p2a: Dragonite
|-supereffective|p2a: Dragonite
|-damage|p2a: Dragonite|37/100
|-unboost|p1a: sweetness alone|spa|2
|-damage|p1a: sweetness alone|91/100|[from] item: Life Orb
|move|p2a: Dragonite|Dragon Dance|p2a: Dragonite
|-boost|p2a: Dragonite|atk|1
|-boost|p2a: Dragonite|spe|1
|
|-weather|none
|upkeep
|turn|21
|inactive|Valentine has 30 seconds left.
|
|t:|1622778820
|switch|p1a: engine|Tapu Koko|100/100
|-fieldstart|move: Electric Terrain|[from] ability: Electric Surge|[of] p1a: engine
|move|p2a: Dragonite|Roost|p2a: Dragonite
|-heal|p2a: Dragonite|87/100
|-singleturn|p2a: Dragonite|move: Roost
|
|upkeep
|turn|22
|inactive|Valentine has 30 seconds left.
|inactive|Valentine has 20 seconds left.
|inactive|Gtcha has 30 seconds left.
|
|t:|1622778844
|move|p1a: engine|Dazzling Gleam|p2a: Dragonite
|-supereffective|p2a: Dragonite
|-damage|p2a: Dragonite|28/100
|move|p2a: Dragonite|Dragon Dance|p2a: Dragonite
|-boost|p2a: Dragonite|atk|1
|-boost|p2a: Dragonite|spe|1
|
|upkeep
|turn|23
|inactive|Valentine has 30 seconds left this turn.
|inactive|Gtcha has 30 seconds left.
|
|t:|1622778855
|move|p2a: Dragonite|Roost|p2a: Dragonite
|-heal|p2a: Dragonite|78/100
|-singleturn|p2a: Dragonite|move: Roost
|move|p1a: engine|Dazzling Gleam|p2a: Dragonite
|-supereffective|p2a: Dragonite
|-damage|p2a: Dragonite|12/100
|
|upkeep
|turn|24
|inactive|Gtcha has 30 seconds left.
|
|t:|1622778862
|move|p2a: Dragonite|Earthquake|p1a: engine
|-supereffective|p1a: engine
|-damage|p1a: engine|0 fnt
|faint|p1a: engine
|
|upkeep
|
|t:|1622778864
|switch|p1a: out the window|Hawlucha, M|100/100
|-enditem|p1a: out the window|Electric Seed
|-boost|p1a: out the window|def|1|[from] item: Electric Seed
|turn|25
|inactive|Gtcha has 30 seconds left.
|
|t:|1622778882
|switch|p2a: Ferrothorn|Ferrothorn, M|22/100
|-damage|p2a: Ferrothorn|16/100|[from] Stealth Rock
|move|p1a: out the window|Acrobatics|p2a: Ferrothorn
|-damage|p2a: Ferrothorn|0 fnt
|-damage|p1a: out the window|88/100|[from] ability: Iron Barbs|[of] p2a: Ferrothorn
|faint|p2a: Ferrothorn
|
|upkeep
|inactive|Gtcha has 30 seconds left.
|
|t:|1622778890
|switch|p2a: Tapu Koko|Tapu Koko|100/100
|turn|26
|inactive|Valentine has 60 seconds left.
|inactive|Valentine has 30 seconds left.
|inactive|Valentine has 20 seconds left.
|inactive|Valentine has 15 seconds left.
|
|t:|1622778942
|switch|p1a: endless revisions|Tyranitar, M|62/100
|-weather|Sandstorm|[from] ability: Sand Stream|[of] p1a: endless revisions
|move|p2a: Tapu Koko|Thunderbolt|p1a: endless revisions
|-damage|p1a: endless revisions|32/100
|-status|p1a: endless revisions|par
|
|-weather|Sandstorm|[upkeep]
|-damage|p2a: Tapu Koko|94/100|[from] Sandstorm
|upkeep
|turn|27
|inactive|Valentine has 25 seconds left this turn.
|inactive|Gtcha has 30 seconds left.
|inactive|Gtcha has 20 seconds left.
|
|t:|1622778970
|switch|p2a: Clefable|Clefable, F|100/100
|cant|p1a: endless revisions|par
|
|-weather|Sandstorm|[upkeep]
|upkeep
|turn|28
|inactive|Gtcha has 30 seconds left this turn.
|inactive|Valentine has 30 seconds left.
|inactive|Gtcha has 20 seconds left.
|inactive|Gtcha has 15 seconds left.
|
|t:|1622778987
|move|p2a: Clefable|Heal Bell||[still]
|-activate|p2a: Clefable|move: Heal Bell
|-fail|p2a: Clefable
|move|p1a: endless revisions|Rock Blast|p2a: Clefable
|-damage|p2a: Clefable|91/100
|-damage|p2a: Clefable|82/100
|-damage|p2a: Clefable|74/100
|-hitcount|p2a: Clefable|3
|
|-weather|Sandstorm|[upkeep]
|-heal|p2a: Clefable|80/100|[from] item: Leftovers
|-fieldend|move: Electric Terrain
|upkeep
|turn|29
|inactive|Gtcha has 25 seconds left this turn.
|inactive|Valentine has 30 seconds left.
|inactive|Gtcha has 20 seconds left.
|
|t:|1622778999
|move|p2a: Clefable|Soft-Boiled|p2a: Clefable
|-heal|p2a: Clefable|100/100
|move|p1a: endless revisions|Rock Blast|p2a: Clefable
|-damage|p2a: Clefable|92/100
|-damage|p2a: Clefable|83/100
|-damage|p2a: Clefable|74/100
|-damage|p2a: Clefable|65/100
|-damage|p2a: Clefable|56/100
|-hitcount|p2a: Clefable|5
|
|-weather|Sandstorm|[upkeep]
|-heal|p2a: Clefable|62/100|[from] item: Leftovers
|upkeep
|turn|30
|inactive|Gtcha has 30 seconds left this turn.
|inactive|Valentine has 30 seconds left.
|inactive|Gtcha has 20 seconds left.
|
|t:|1622779009
|switch|p1a: out the window|Hawlucha, M|88/100
|move|p2a: Clefable|Soft-Boiled|p2a: Clefable
|-heal|p2a: Clefable|100/100
|
|-weather|Sandstorm|[upkeep]
|-damage|p1a: out the window|82/100|[from] Sandstorm
|upkeep
|turn|31
|inactive|Gtcha has 30 seconds left this turn.
|inactive|Gtcha has 20 seconds left.
|
|t:|1622779023
|switch|p2a: Tapu Koko|Tapu Koko|94/100
|-fieldstart|move: Electric Terrain|[from] ability: Electric Surge|[of] p2a: Tapu Koko
|move|p1a: out the window|Acrobatics|p2a: Tapu Koko
|-resisted|p2a: Tapu Koko
|-damage|p2a: Tapu Koko|60/100
|
|-weather|Sandstorm|[upkeep]
|-damage|p2a: Tapu Koko|54/100|[from] Sandstorm
|-damage|p1a: out the window|76/100|[from] Sandstorm
|upkeep
|turn|32
|inactive|Gtcha has 30 seconds left this turn.
|inactive|Gtcha has 20 seconds left.
|inactive|Gtcha has 15 seconds left.
|
|t:|1622779041
|move|p2a: Tapu Koko|Roost|p2a: Tapu Koko
|-heal|p2a: Tapu Koko|100/100
|-singleturn|p2a: Tapu Koko|move: Roost
|move|p1a: out the window|Close Combat|p2a: Tapu Koko
|-resisted|p2a: Tapu Koko
|-damage|p2a: Tapu Koko|62/100
|-unboost|p1a: out the window|def|1
|-unboost|p1a: out the window|spd|1
|
|-weather|Sandstorm|[upkeep]
|-damage|p2a: Tapu Koko|56/100|[from] Sandstorm
|-damage|p1a: out the window|70/100|[from] Sandstorm
|upkeep
|turn|33
|inactive|Gtcha has 25 seconds left this turn.
|inactive|Gtcha has 20 seconds left.
|
|t:|1622779046
|move|p2a: Tapu Koko|Dazzling Gleam|p1a: out the window
|-supereffective|p1a: out the window
|-damage|p1a: out the window|0 fnt
|faint|p1a: out the window
|
|-weather|none
|upkeep
|inactive|Gtcha has 25 seconds left this turn.
|
|t:|1622779049
|switch|p1a: endless revisions|Tyranitar, M|32/100 par
|-weather|Sandstorm|[from] ability: Sand Stream|[of] p1a: endless revisions
|turn|34
|inactive|Gtcha has 30 seconds left.
|
|t:|1622779058
|switch|p1a: sweetness alone|Dracozolt|91/100
|move|p2a: Tapu Koko|U-turn|p1a: sweetness alone
|-damage|p1a: sweetness alone|72/100
|inactive|Gtcha has 30 seconds left.
|
|t:|1622779065
|switch|p2a: Dragonite|Dragonite, F|12/100|[from]move: U-turn
|
|-weather|Sandstorm|[upkeep]
|-damage|p2a: Dragonite|6/100|[from] Sandstorm
|upkeep
|turn|35
|
|t:|1622779076
|move|p1a: sweetness alone|Bolt Beak|p2a: Dragonite
|-damage|p2a: Dragonite|0 fnt
|faint|p2a: Dragonite
|-damage|p1a: sweetness alone|62/100|[from] item: Life Orb
|
|-weather|Sandstorm|[upkeep]
|-fieldend|move: Electric Terrain
|upkeep
|
|t:|1622779085
|switch|p2a: Clefable|Clefable, F|100/100
|turn|36
|
|t:|1622779092
|move|p1a: sweetness alone|Bolt Beak|p2a: Clefable
|-damage|p2a: Clefable|29/100
|-damage|p1a: sweetness alone|53/100|[from] item: Life Orb
|move|p2a: Clefable|Moonblast|p1a: sweetness alone
|-supereffective|p1a: sweetness alone
|-damage|p1a: sweetness alone|0 fnt
|faint|p1a: sweetness alone
|
|-weather|Sandstorm|[upkeep]
|-heal|p2a: Clefable|35/100|[from] item: Leftovers
|upkeep
|
|t:|1622779095
|switch|p1a: endless revisions|Tyranitar, M|32/100 par
|turn|37
|
|t:|1622779098
|move|p2a: Clefable|Moonblast|p1a: endless revisions
|-supereffective|p1a: endless revisions
|-damage|p1a: endless revisions|0 fnt
|faint|p1a: endless revisions
|
|win|Gtcha
|c|☆Gtcha|gg
