|inactive|Battle timer is ON: inactive players will automatically lose when time's up.
|t:|1652493881
|gametype|singles
|player|p1|Cardenas19|youngster-gen4dp|
|player|p2|lonietzzz|swimmerf-gen4dp|
|teamsize|p1|6
|teamsize|p2|6
|gen|8
|tier|[Gen 8] OU
|rule|Sleep Clause Mod: Limit one foe put to sleep
|rule|Species Clause: Limit one of each Pokémon
|rule|OHKO Clause: OHKO moves are banned
|rule|Evasion Moves Clause: Evasion moves are banned
|rule|Endless Battle Clause: Forcing endless battles is banned
|rule|HP Percentage Mod: HP is shown in percentages
|rule|Dynamax Clause: You cannot dynamax
|clearpoke
|poke|p1|Kartana|
|poke|p1|Magnezone|
|poke|p1|Tapu Lele|
|poke|p1|Dragapult, F|
|poke|p1|Tapu Fini|
|poke|p1|Landorus-Therian, M|
|poke|p2|Heatran, M|
|poke|p2|Landorus-Therian, M|
|poke|p2|Nihilego|
|poke|p2|Celesteela|
|poke|p2|Tapu Fini|
|poke|p2|Zeraora|
|teampreview
|inactive|Cardenas19 has 270 seconds left.
|inactive|lonietzzz has 270 seconds left.
|inactive|Cardenas19 has 240 seconds left.
|inactive|lonietzzz has 240 seconds left.
|inactive|lonietzzz has 210 seconds left.
|inactive|lonietzzz has 180 seconds left.
|
|t:|1652494017
|start
|switch|p1a: Tapu Fini|Tapu Fini|100/100
|switch|p2a: Zeraora|Zeraora|100/100
|-fieldstart|move: Misty Terrain|[from] ability: Misty Surge|[of] p1a: Tapu Fini
|turn|1
|inactive|Cardenas19 has 270 seconds left.
|inactive|lonietzzz has 210 seconds left.
|
|t:|1652494054
|move|p1a: Tapu Fini|Moonblast|p2a: Zeraora
|-damage|p2a: Zeraora|58/100
|move|p2a: Zeraora|Knock Off|p1a: Tapu Fini
|-resisted|p1a: Tapu Fini
|-damage|p1a: Tapu Fini|87/100
|-enditem|p1a: Tapu Fini|Choice Scarf|[from] move: Knock Off|[of] p2a: Zeraora
|
|upkeep
|turn|2
|inactive|lonietzzz has 180 seconds left.
|
|t:|1652494088
|switch|p1a: Landorus|Landorus-Therian, M|100/100
|-ability|p1a: Landorus|Intimidate|boost
|-unboost|p2a: Zeraora|atk|1
|move|p2a: Zeraora|Knock Off|p1a: Landorus
|-damage|p1a: Landorus|81/100
|-enditem|p1a: Landorus|Leftovers|[from] move: Knock Off|[of] p2a: Zeraora
|
|upkeep
|turn|3
|
|t:|1652494101
|switch|p2a: Landorus|Landorus-Therian, M|100/100
|-ability|p2a: Landorus|Intimidate|boost
|-unboost|p1a: Landorus|atk|1
|move|p1a: Landorus|Stealth Rock|p2a: Landorus
|-sidestart|p2: lonietzzz|move: Stealth Rock
|
|upkeep
|turn|4
|inactive|lonietzzz has 180 seconds left.
|inactive|lonietzzz has 150 seconds left.
|inactive|lonietzzz has 120 seconds left.
|
|t:|1652494183
|switch|p1a: Tapu Fini|Tapu Fini|87/100
|move|p2a: Landorus|Knock Off|p1a: Tapu Fini
|-resisted|p1a: Tapu Fini
|-damage|p1a: Tapu Fini|75/100
|
|upkeep
|turn|5
|inactive|lonietzzz has 120 seconds left.
|
|t:|1652494211
|move|p2a: Landorus|Explosion|p1a: Tapu Fini
|-damage|p1a: Tapu Fini|0 fnt
|faint|p2a: Landorus
|faint|p1a: Tapu Fini
|
|-fieldend|Misty Terrain
|upkeep
|inactive|Cardenas19 has 240 seconds left.
|inactive|lonietzzz has 90 seconds left.
|
|t:|1652494255
|switch|p2a: Heatran|Heatran, M|100/100
|switch|p1a: Dragapult|Dragapult, F|100/100
|-damage|p2a: Heatran|88/100|[from] Stealth Rock
|-item|p2a: Heatran|Air Balloon
|turn|6
|
|t:|1652494264
|move|p1a: Dragapult|Shadow Ball|p2a: Heatran
|-damage|p2a: Heatran|34/100
|-enditem|p2a: Heatran|Air Balloon
|move|p2a: Heatran|Stealth Rock|p1a: Dragapult
|-sidestart|p1: Cardenas19|move: Stealth Rock
|
|upkeep
|turn|7
|inactive|lonietzzz has 90 seconds left.
|inactive|lonietzzz has 60 seconds left.
|
|t:|1652494311
|move|p1a: Dragapult|Shadow Ball|p2a: Heatran
|-damage|p2a: Heatran|0 fnt
|faint|p2a: Heatran
|
|upkeep
|
|t:|1652494314
|switch|p2a: Nihilego|Nihilego|100/100
|-damage|p2a: Nihilego|88/100|[from] Stealth Rock
|turn|8
|inactive|Cardenas19 has 240 seconds left.
|inactive|lonietzzz has 60 seconds left.
|
|t:|1652494345
|move|p1a: Dragapult|Shadow Ball|p2a: Nihilego
|-damage|p2a: Nihilego|49/100
|-unboost|p2a: Nihilego|spd|1
|move|p2a: Nihilego|Meteor Beam||[still]
|-prepare|p2a: Nihilego|Meteor Beam
|-boost|p2a: Nihilego|spa|1
|-enditem|p2a: Nihilego|Power Herb
|-anim|p2a: Nihilego|Meteor Beam|p1a: Dragapult
|-damage|p1a: Dragapult|0 fnt
|faint|p1a: Dragapult
|-ability|p2a: Nihilego|Beast Boost|boost
|-boost|p2a: Nihilego|spe|1
|
|upkeep
|inactive|Cardenas19 has 210 seconds left.
|
|t:|1652494385
|switch|p1a: Magnezone|Magnezone|100/100
|-damage|p1a: Magnezone|94/100|[from] Stealth Rock
|turn|9
|inactive|lonietzzz has 60 seconds left.
|inactive|Cardenas19 has 180 seconds left.
|
|t:|1652494426
|move|p2a: Nihilego|Pain Split|p1a: Magnezone
|-sethp|p1a: Magnezone|76/100|[from] move: Pain Split|[silent]
|-sethp|p2a: Nihilego|65/100|[from] move: Pain Split
|move|p1a: Magnezone|Iron Defense|p1a: Magnezone
|-boost|p1a: Magnezone|def|2
|
|upkeep
|turn|10
|
|t:|1652494432
|move|p2a: Nihilego|Power Gem|p1a: Magnezone
|-resisted|p1a: Magnezone
|-damage|p1a: Magnezone|41/100
|move|p1a: Magnezone|Body Press|p2a: Nihilego
|-damage|p2a: Nihilego|0 fnt
|faint|p2a: Nihilego
|
|upkeep
|inactive|lonietzzz has 60 seconds left.
|inactive|lonietzzz has 30 seconds left.
|inactive|lonietzzz has 20 seconds left.
|
|t:|1652494483
|switch|p2a: Tapu Fini|Tapu Fini|100/100
|-damage|p2a: Tapu Fini|88/100|[from] Stealth Rock
|-fieldstart|move: Misty Terrain|[from] ability: Misty Surge|[of] p2a: Tapu Fini
|turn|11
|inactive|lonietzzz has 30 seconds left this turn.
|inactive|lonietzzz has 20 seconds left.
|inactive|Cardenas19 has 150 seconds left.
|
|t:|1652494537
|move|p2a: Tapu Fini|Moonblast|p1a: Magnezone
|-resisted|p1a: Magnezone
|-damage|p1a: Magnezone|23/100
|move|p1a: Magnezone|Thunderbolt|p2a: Tapu Fini
|-supereffective|p2a: Tapu Fini
|-damage|p2a: Tapu Fini|23/100
|
|-heal|p2a: Tapu Fini|29/100|[from] item: Leftovers
|upkeep
|turn|12
|inactive|lonietzzz has 30 seconds left this turn.
|
|t:|1652494542
|move|p2a: Tapu Fini|Moonblast|p1a: Magnezone
|-resisted|p1a: Magnezone
|-damage|p1a: Magnezone|6/100
|move|p1a: Magnezone|Thunderbolt|p2a: Tapu Fini
|-supereffective|p2a: Tapu Fini
|-damage|p2a: Tapu Fini|0 fnt
|faint|p2a: Tapu Fini
|
|upkeep
|
|t:|1652494546
|switch|p2a: Zeraora|Zeraora|58/100
|turn|13
|
|t:|1652494552
|move|p2a: Zeraora|Close Combat|p1a: Magnezone
|-supereffective|p1a: Magnezone
|-damage|p1a: Magnezone|0 fnt
|-unboost|p2a: Zeraora|def|1
|-unboost|p2a: Zeraora|spd|1
|-damage|p2a: Zeraora|42/100|[from] item: Rocky Helmet|[of] p1a: Magnezone
|faint|p1a: Magnezone
|
|upkeep
|
|t:|1652494565
|switch|p1a: Landorus|Landorus-Therian, M|81/100
|-damage|p1a: Landorus|69/100|[from] Stealth Rock
|-ability|p1a: Landorus|Intimidate|boost
|-unboost|p2a: Zeraora|atk|1
|turn|14
|
|t:|1652494568
|move|p2a: Zeraora|Knock Off|p1a: Landorus
|-damage|p1a: Landorus|56/100
|move|p1a: Landorus|U-turn|p2a: Zeraora
|-damage|p2a: Zeraora|0 fnt
|faint|p2a: Zeraora
|inactive|Cardenas19 has 150 seconds left.
|
|t:|1652494578
|switch|p1a: Tapu Lele|Tapu Lele|100/100|[from]move: U-turn
|-damage|p1a: Tapu Lele|88/100|[from] Stealth Rock
|-fieldstart|move: Psychic Terrain|[from] ability: Psychic Surge|[of] p1a: Tapu Lele
|
|upkeep
|
|t:|1652494580
|switch|p2a: Celesteela|Celesteela|100/100
|-damage|p2a: Celesteela|88/100|[from] Stealth Rock
|turn|15
|inactive|Cardenas19 has 150 seconds left.
|inactive|Cardenas19 has 120 seconds left.
|inactive|Cardenas19 has 90 seconds left.
|
|t:|1652494663
|move|p1a: Tapu Lele|Psychic|p2a: Celesteela
|-resisted|p2a: Celesteela
|-damage|p2a: Celesteela|39/100
|move|p2a: Celesteela|Autotomize|p2a: Celesteela
|-boost|p2a: Celesteela|spe|2
|-start|p2a: Celesteela|Autotomize
|
|upkeep
|turn|16
|
|t:|1652494676
|move|p2a: Celesteela|Air Slash|p1a: Tapu Lele
|-damage|p1a: Tapu Lele|47/100
|cant|p1a: Tapu Lele|flinch
|
|upkeep
|turn|17
|
|t:|1652494680
|move|p2a: Celesteela|Meteor Beam||[still]
|-prepare|p2a: Celesteela|Meteor Beam
|-boost|p2a: Celesteela|spa|1
|-enditem|p2a: Celesteela|Power Herb
|-anim|p2a: Celesteela|Meteor Beam|p1a: Tapu Lele
|-damage|p1a: Tapu Lele|0 fnt
|faint|p1a: Tapu Lele
|-ability|p2a: Celesteela|Beast Boost|boost
|-boost|p2a: Celesteela|spa|1
|
|upkeep
|
|t:|1652494693
|switch|p1a: Kartana|Kartana|100/100
|-damage|p1a: Kartana|94/100|[from] Stealth Rock
|turn|18
|
|t:|1652494699
|move|p2a: Celesteela|Flamethrower|p1a: Kartana
|-supereffective|p1a: Kartana
|-damage|p1a: Kartana|0 fnt
|faint|p1a: Kartana
|-ability|p2a: Celesteela|Beast Boost|boost
|-boost|p2a: Celesteela|spa|1
|
|-fieldend|move: Psychic Terrain
|upkeep
|
|t:|1652494702
|switch|p1a: Landorus|Landorus-Therian, M|56/100
|-damage|p1a: Landorus|44/100|[from] Stealth Rock
|-ability|p1a: Landorus|Intimidate|boost
|-unboost|p2a: Celesteela|atk|1
|turn|19
|inactive|lonietzzz has 90 seconds left.
|
|t:|1652494735
|move|p2a: Celesteela|Flamethrower|p1a: Landorus
|-damage|p1a: Landorus|0 fnt
|faint|p1a: Landorus
|
|win|lonietzzz
