|inactive|Battle timer is ON: inactive players will automatically lose when time's up.
|t:|1631961768
|gametype|singles
|player|p1|lonietzzz|pokemonbreederf|
|player|p2|Mendeez|skier|
|teamsize|p1|6
|teamsize|p2|6
|gen|8
|tier|[Gen 8] OU
|rule|Sleep Clause Mod: Limit one foe put to sleep
|rule|Species Clause: Limit one of each Pokémon
|rule|OHKO Clause: OHKO moves are banned
|rule|Evasion Moves Clause: Evasion moves are banned
|rule|Endless Battle Clause: Forcing endless battles is banned
|rule|HP Percentage Mod: HP is shown in percentages
|rule|Dynamax Clause: You cannot dynamax
|clearpoke
|poke|p1|Arctozolt|
|poke|p1|Landorus-Therian, M|
|poke|p1|Ninetales-Alola, F|
|poke|p1|Tornadus-Therian, M|
|poke|p1|Corviknight, F|
|poke|p1|Volcanion|
|poke|p2|Landorus-Therian, M|
|poke|p2|Magnezone|
|poke|p2|Mandibuzz, F|
|poke|p2|Heatran, F|
|poke|p2|Slowking, F|
|poke|p2|Kartana|
|teampreview
|
|t:|1631961782
|start
|switch|p1a: Landorus|Landorus-Therian, M|100/100
|switch|p2a: Calamity|Landorus-Therian, M|100/100
|-ability|p2a: Calamity|Intimidate|boost
|-unboost|p1a: Landorus|atk|1
|-ability|p1a: Landorus|Intimidate|boost
|-unboost|p2a: Calamity|atk|1
|turn|1
|
|t:|1631961787
|move|p2a: Calamity|Knock Off|p1a: Landorus
|-damage|p1a: Landorus|62/100
|-enditem|p1a: Landorus|Leftovers|[from] move: Knock Off|[of] p2a: Calamity
|move|p1a: Landorus|Toxic|p2a: Calamity
|-status|p2a: Calamity|tox
|
|-damage|p2a: Calamity|95/100 tox|[from] psn
|upkeep
|turn|2
|
|t:|1631961796
|move|p2a: Calamity|Knock Off|p1a: Landorus
|-damage|p1a: Landorus|36/100
|move|p1a: Landorus|U-turn|p2a: Calamity
|-resisted|p2a: Calamity
|-damage|p2a: Calamity|86/100 tox
|
|t:|1631961800
|switch|p1a: Ninetales|Ninetales-Alola, F|100/100|[from]move: U-turn
|-weather|Hail|[from] ability: Snow Warning|[of] p1a: Ninetales
|
|-weather|Hail|[upkeep]
|-damage|p2a: Calamity|80/100 tox|[from] Hail
|-damage|p2a: Calamity|68/100 tox|[from] psn
|upkeep
|turn|3
|
|t:|1631961809
|switch|p1a: Volcanion|Volcanion|100/100
|switch|p2a: Burn My Dread|Heatran, F|100/100
|
|-weather|Hail|[upkeep]
|-damage|p1a: Volcanion|95/100|[from] Hail
|-damage|p2a: Burn My Dread|94/100|[from] Hail
|-heal|p2a: Burn My Dread|100/100|[from] item: Leftovers
|upkeep
|turn|4
|
|t:|1631961817
|switch|p1a: Arctozolt|Arctozolt|100/100
|switch|p2a: Tranquility|Slowking, F|100/100
|
|-weather|Hail|[upkeep]
|-damage|p2a: Tranquility|94/100|[from] Hail
|upkeep
|turn|5
|
|t:|1631961827
|switch|p2a: Calamity|Landorus-Therian, M|68/100 tox
|-ability|p2a: Calamity|Intimidate|boost
|-unboost|p1a: Arctozolt|atk|1
|move|p1a: Arctozolt|Substitute|p1a: Arctozolt
|-start|p1a: Arctozolt|Substitute
|-damage|p1a: Arctozolt|76/100
|
|-weather|Hail|[upkeep]
|-damage|p2a: Calamity|62/100 tox|[from] Hail
|-damage|p2a: Calamity|56/100 tox|[from] psn
|upkeep
|turn|6
|
|t:|1631961855
|switch|p2a: Tranquility|Slowking, F|100/100
|move|p1a: Arctozolt|Bolt Beak|p2a: Tranquility
|-supereffective|p2a: Tranquility
|-damage|p2a: Tranquility|0 fnt
|faint|p2a: Tranquility
|
|-weather|Hail|[upkeep]
|upkeep
|
|t:|1631961868
|switch|p2a: Want To Be Close|Magnezone|100/100
|turn|7
|inactive|Mendeez has 270 seconds left.
|inactive|lonietzzz has 270 seconds left.
|inactive|Mendeez has 240 seconds left.
|
|t:|1631961948
|move|p1a: Arctozolt|Low Kick|p2a: Want To Be Close
|-supereffective|p2a: Want To Be Close
|-damage|p2a: Want To Be Close|51/100
|move|p2a: Want To Be Close|Volt Switch|p1a: Arctozolt
|-resisted|p1a: Arctozolt
|-end|p1a: Arctozolt|Substitute
|
|t:|1631961955
|switch|p2a: Burn My Dread|Heatran, F|100/100|[from]move: Volt Switch
|
|-weather|Hail|[upkeep]
|-damage|p2a: Burn My Dread|94/100|[from] Hail
|-heal|p2a: Burn My Dread|100/100|[from] item: Leftovers
|upkeep
|turn|8
|
|t:|1631961961
|switch|p1a: Tornadus|Tornadus-Therian, M|100/100
|move|p2a: Burn My Dread|Magma Storm|p1a: Tornadus
|-crit|p1a: Tornadus
|-damage|p1a: Tornadus|61/100
|-activate|p1a: Tornadus|move: Magma Storm|[of] p2a: Burn My Dread
|
|-weather|Hail|[upkeep]
|-damage|p1a: Tornadus|55/100|[from] Hail
|-damage|p2a: Burn My Dread|94/100|[from] Hail
|-heal|p2a: Burn My Dread|100/100|[from] item: Leftovers
|-damage|p1a: Tornadus|42/100|[from] move: Magma Storm|[partiallytrapped]
|upkeep
|turn|9
|
|t:|1631961968
|move|p1a: Tornadus|U-turn|p2a: Burn My Dread
|-resisted|p2a: Burn My Dread
|-damage|p2a: Burn My Dread|97/100
|
|t:|1631961969
|switch|p1a: Volcanion|Volcanion|95/100|[from]move: U-turn
|move|p2a: Burn My Dread|Stealth Rock|p1a: Volcanion
|-sidestart|p1: lonietzzz|move: Stealth Rock
|
|-weather|none
|-heal|p2a: Burn My Dread|100/100|[from] item: Leftovers
|upkeep
|turn|10
|
|t:|1631961975
|switch|p2a: Memories Of You|Mandibuzz, F|100/100
|move|p1a: Volcanion|Steam Eruption|p2a: Memories Of You
|-damage|p2a: Memories Of You|37/100
|-status|p2a: Memories Of You|brn
|
|-damage|p2a: Memories Of You|31/100 brn|[from] brn
|upkeep
|turn|11
|
|t:|1631961980
|move|p1a: Volcanion|Steam Eruption|p2a: Memories Of You
|-damage|p2a: Memories Of You|0 fnt
|faint|p2a: Memories Of You
|
|upkeep
|
|t:|1631961986
|switch|p2a: Determination|Kartana|100/100
|turn|12
|
|t:|1631961996
|switch|p1a: Corviknight|Corviknight, F|100/100
|-damage|p1a: Corviknight|88/100|[from] Stealth Rock
|-ability|p1a: Corviknight|Pressure
|move|p2a: Determination|Leaf Blade|p1a: Corviknight
|-resisted|p1a: Corviknight
|-damage|p1a: Corviknight|79/100
|-damage|p2a: Determination|84/100|[from] item: Rocky Helmet|[of] p1a: Corviknight
|
|upkeep
|turn|13
|
|t:|1631962004
|move|p2a: Determination|Leaf Blade|p1a: Corviknight
|-resisted|p1a: Corviknight
|-damage|p1a: Corviknight|70/100
|-damage|p2a: Determination|67/100|[from] item: Rocky Helmet|[of] p1a: Corviknight
|move|p1a: Corviknight|U-turn|p2a: Determination
|-damage|p2a: Determination|51/100
|
|t:|1631962013
|switch|p1a: Tornadus|Tornadus-Therian, M|75/100|[from]move: U-turn
|-damage|p1a: Tornadus|50/100|[from] Stealth Rock
|
|upkeep
|turn|14
|
|t:|1631962019
|switch|p2a: Burn My Dread|Heatran, F|100/100
|move|p1a: Tornadus|U-turn|p2a: Burn My Dread
|-resisted|p2a: Burn My Dread
|-damage|p2a: Burn My Dread|98/100
|
|t:|1631962026
|switch|p1a: Volcanion|Volcanion|95/100|[from]move: U-turn
|-damage|p1a: Volcanion|70/100|[from] Stealth Rock
|
|-heal|p2a: Burn My Dread|100/100|[from] item: Leftovers
|upkeep
|turn|15
|
|t:|1631962033
|move|p1a: Volcanion|Steam Eruption|p2a: Burn My Dread
|-supereffective|p2a: Burn My Dread
|-damage|p2a: Burn My Dread|0 fnt
|faint|p2a: Burn My Dread
|
|upkeep
|
|t:|1631962037
|switch|p2a: Determination|Kartana|51/100
|turn|16
|
|t:|1631962043
|move|p2a: Determination|Knock Off|p1a: Volcanion
|-crit|p1a: Volcanion
|-damage|p1a: Volcanion|7/100
|-enditem|p1a: Volcanion|Choice Specs|[from] move: Knock Off|[of] p2a: Determination
|move|p1a: Volcanion|Steam Eruption|p2a: Determination
|-resisted|p2a: Determination
|-crit|p2a: Determination
|-damage|p2a: Determination|0 fnt
|faint|p2a: Determination
|
|upkeep
|c|+Xen『QT』|Mendeez pero como tiraste al Slowking así pedazo de calvo
|c|☆Mendeez|pero si me outplayeó
|
|t:|1631962062
|switch|p2a: Calamity|Landorus-Therian, M|56/100 tox
|-ability|p2a: Calamity|Intimidate|boost
|-unboost|p1a: Volcanion|atk|1
|turn|17
|c|+Xen『QT』|Era zone
|
|t:|1631962066
|move|p2a: Calamity|U-turn|p1a: Volcanion
|-resisted|p1a: Volcanion
|-damage|p1a: Volcanion|0 fnt
|faint|p1a: Volcanion
|c|+Xen『QT』|Que estaba a -1
|
|t:|1631962071
|switch|p2a: Want To Be Close|Magnezone|51/100|[from]move: U-turn
|
|upkeep
|c|☆Mendeez|no le sabo al ss
|inactive|lonietzzz has 270 seconds left.
|
|t:|1631962112
|switch|p1a: Ninetales|Ninetales-Alola, F|100/100
|-damage|p1a: Ninetales|76/100|[from] Stealth Rock
|-weather|Hail|[from] ability: Snow Warning|[of] p1a: Ninetales
|turn|18
|
|t:|1631962118
|move|p1a: Ninetales|Blizzard|p2a: Want To Be Close
|-resisted|p2a: Want To Be Close
|-damage|p2a: Want To Be Close|23/100
|move|p2a: Want To Be Close|Flash Cannon|p1a: Ninetales
|-supereffective|p1a: Ninetales
|-damage|p1a: Ninetales|0 fnt
|faint|p1a: Ninetales
|
|-weather|Hail|[upkeep]
|-damage|p2a: Want To Be Close|17/100|[from] Hail
|upkeep
|inactive|lonietzzz has 270 seconds left.
|
|t:|1631962125
|switch|p1a: Arctozolt|Arctozolt|76/100
|turn|19
|
|t:|1631962129
|switch|p2a: Calamity|Landorus-Therian, M|56/100 tox
|-ability|p2a: Calamity|Intimidate|boost
|-unboost|p1a: Arctozolt|atk|1
|move|p1a: Arctozolt|Blizzard|p2a: Calamity
|-supereffective|p2a: Calamity
|-damage|p2a: Calamity|0 fnt
|faint|p2a: Calamity
|
|-weather|Hail|[upkeep]
|upkeep
|
|t:|1631962132
|switch|p2a: Want To Be Close|Magnezone|17/100
|turn|20
|
|t:|1631962135
|move|p1a: Arctozolt|Low Kick|p2a: Want To Be Close
|-supereffective|p2a: Want To Be Close
|-damage|p2a: Want To Be Close|0 fnt
|faint|p2a: Want To Be Close
|
|win|lonietzzz
|c|☆Mendeez|gg
