|inactive|Battle timer is ON: inactive players will automatically lose when time's up.
|player|p1|Team Pokepals|#wcop2020ussouth|
|player|p2|Redemption|flint|
|teamsize|p1|6
|teamsize|p2|6
|gametype|singles
|gen|8
|tier|[Gen 8] OU
|clearpoke
|poke|p1|Zeraora|
|poke|p1|Rotom-Heat|
|poke|p1|Mandibuzz, F|
|poke|p1|Clefable, M|
|poke|p1|Ferrothorn, M|
|poke|p1|Cinderace, M|
|poke|p2|Azumarill, M|
|poke|p2|Volcarona, M|
|poke|p2|Zeraora|
|poke|p2|Magearna|
|poke|p2|Rillaboom, M|
|poke|p2|Hawlucha, F|
|rule|Sleep Clause Mod: Limit one foe put to sleep
|rule|Species Clause: Limit one of each Pokémon
|rule|OHKO Clause: OHKO moves are banned
|rule|Evasion Moves Clause: Evasion moves are banned
|rule|Endless Battle Clause: Forcing endless battles is banned
|rule|HP Percentage Mod: HP is shown in percentages
|rule|Dynamax Clause: You cannot dynamax
|teampreview
|c|☆Redemption|hf
|c|+samqian|lets fuckn go tpp
|c|+Sacri'|go red
|c|+SPACE FORCE meeps|SPACE FORCE meeps
|c|+Mannat|TPP IS THE GOAT
|c|☆Team Pokepals|glhf
|c|+LLiama|tpp
|inactive|Team Pokepals has 270 seconds left.
|inactive|Redemption has 270 seconds left.
|c|+starry|go tpp
|inactive|Team Pokepals has 240 seconds left.
|inactive|Redemption has 240 seconds left.
|inactive|Team Pokepals has 210 seconds left.
|inactive|Redemption has 210 seconds left.
|c|+Zygarde is Bae♡|Tppoat
|raw|<div class="broadcast-red"><strong>Moderated chat was set to ☆!</strong><br />Only users of rank ☆ and higher can talk.</div>
|inactive|Team Pokepals has 180 seconds left.
|inactive|Team Pokepals has 150 seconds left.
|
|start
|switch|p1a: Zeraora|Zeraora|100/100
|switch|p2a: Purée|Zeraora|100/100
|turn|1
|inactive|Redemption has 270 seconds left.
|
|move|p2a: Purée|Close Combat|p1a: Zeraora
|-damage|p1a: Zeraora|49/100
|-unboost|p2a: Purée|def|1
|-unboost|p2a: Purée|spd|1
|move|p1a: Zeraora|Knock Off|p2a: Purée
|-damage|p2a: Purée|34/100
|-enditem|p2a: Purée|Magnet|[from] move: Knock Off|[of] p1a: Zeraora
|
|upkeep
|turn|2
|inactive|Team Pokepals has 180 seconds left.
|inactive|Redemption has 240 seconds left.
|inactive|Team Pokepals has 150 seconds left.
|inactive|Team Pokepals has 120 seconds left.
|
|switch|p1a: Ferrothorn|Ferrothorn, M|100/100
|move|p2a: Purée|Close Combat|p1a: Ferrothorn
|-supereffective|p1a: Ferrothorn
|-damage|p1a: Ferrothorn|55/100
|-unboost|p2a: Purée|def|1
|-unboost|p2a: Purée|spd|1
|-damage|p2a: Purée|22/100|[from] ability: Iron Barbs|[of] p1a: Ferrothorn
|
|-heal|p1a: Ferrothorn|61/100|[from] item: Leftovers
|upkeep
|turn|3
|inactive|Team Pokepals has 90 seconds left.
|inactive|Redemption has 210 seconds left.
|
|switch|p2a: Carotte|Volcarona, M|100/100
|move|p1a: Ferrothorn|Spikes|p2a: Carotte
|-sidestart|p2: Redemption|Spikes
|
|-heal|p1a: Ferrothorn|68/100|[from] item: Leftovers
|upkeep
|turn|4
|inactive|Redemption has 210 seconds left.
|inactive|Redemption has 180 seconds left.
|inactive|Redemption has 150 seconds left.
|
|switch|p1a: Cinderace|Cinderace, M|100/100
|move|p2a: Carotte|Fiery Dance|p1a: Cinderace
|-resisted|p1a: Cinderace
|-damage|p1a: Cinderace|77/100
|
|upkeep
|turn|5
|inactive|Redemption has 120 seconds left.
|
|move|p1a: Cinderace|Pyro Ball|p2a: Carotte
|-damage|p2a: Carotte|44/100
|move|p2a: Carotte|Quiver Dance|p2a: Carotte
|-boost|p2a: Carotte|spa|1
|-boost|p2a: Carotte|spd|1
|-boost|p2a: Carotte|spe|1
|
|upkeep
|turn|6
|
|move|p2a: Carotte|Roost|p2a: Carotte
|-heal|p2a: Carotte|94/100
|-singleturn|p2a: Carotte|move: Roost
|move|p1a: Cinderace|Pyro Ball|p2a: Carotte
|-damage|p2a: Carotte|37/100
|
|upkeep
|turn|7
|
|move|p2a: Carotte|Roost|p2a: Carotte
|-heal|p2a: Carotte|87/100
|-singleturn|p2a: Carotte|move: Roost
|move|p1a: Cinderace|Pyro Ball|p2a: Carotte
|-damage|p2a: Carotte|27/100
|
|upkeep
|turn|8
|
|switch|p1a: Rotom|Rotom-Heat, shiny|100/100
|move|p2a: Carotte|Roost|p2a: Carotte
|-heal|p2a: Carotte|77/100
|-singleturn|p2a: Carotte|move: Roost
|
|upkeep
|turn|9
|inactive|Redemption has 90 seconds left.
|
|move|p2a: Carotte|Psychic|p1a: Rotom
|-damage|p1a: Rotom|58/100
|move|p1a: Rotom|Toxic|p2a: Carotte
|-status|p2a: Carotte|tox
|
|-damage|p2a: Carotte|71/100 tox|[from] psn
|upkeep
|turn|10
|inactive|Redemption has 90 seconds left.
|inactive|Team Pokepals has 120 seconds left.
|
|move|p2a: Carotte|Fiery Dance|p1a: Rotom
|-resisted|p1a: Rotom
|-damage|p1a: Rotom|31/100
|move|p1a: Rotom|Discharge|p2a: Carotte
|-damage|p2a: Carotte|54/100 tox
|
|-damage|p2a: Carotte|42/100 tox|[from] psn
|upkeep
|turn|11
|inactive|Redemption has 90 seconds left.
|inactive|Redemption has 60 seconds left.
|
|move|p2a: Carotte|Psychic|p1a: Rotom
|-damage|p1a: Rotom|0 fnt
|faint|p1a: Rotom
|
|-damage|p2a: Carotte|23/100 tox|[from] psn
|upkeep
|inactive|Team Pokepals has 90 seconds left.
|
|switch|p1a: Clefable|Clefable, M|100/100
|turn|12
|inactive|Redemption has 60 seconds left.
|
|move|p2a: Carotte|Roost|p2a: Carotte
|-heal|p2a: Carotte|73/100 tox
|-singleturn|p2a: Carotte|move: Roost
|move|p1a: Clefable|Soft-Boiled||[still]
|-fail|p1a: Clefable|heal
|
|-damage|p2a: Carotte|49/100 tox|[from] psn
|upkeep
|turn|13
|inactive|Redemption has 60 seconds left.
|
|move|p2a: Carotte|Fiery Dance|p1a: Clefable
|-damage|p1a: Clefable|56/100
|move|p1a: Clefable|Wish|p1a: Clefable
|
|-heal|p1a: Clefable|62/100|[from] item: Leftovers
|-damage|p2a: Carotte|18/100 tox|[from] psn
|upkeep
|turn|14
|c|☆Redemption|bugged fiery
|inactive|Redemption has 30 seconds left.
|inactive|Redemption has 20 seconds left.
|inactive|Redemption has 15 seconds left.
|
|move|p2a: Carotte|Roost|p2a: Carotte
|-heal|p2a: Carotte|68/100 tox
|-singleturn|p2a: Carotte|move: Roost
|move|p1a: Clefable|Soft-Boiled|p1a: Clefable
|-heal|p1a: Clefable|100/100
|
|-damage|p2a: Carotte|31/100 tox|[from] psn
|upkeep
|turn|15
|inactive|Redemption has 25 seconds left this turn.
|inactive|Redemption has 20 seconds left.
|inactive|Redemption has 15 seconds left.
|inactive|Redemption has 10 seconds left.
|
|move|p2a: Carotte|Fiery Dance|p1a: Clefable
|-damage|p1a: Clefable|61/100
|-boost|p2a: Carotte|spa|1
|move|p1a: Clefable|Soft-Boiled|p1a: Clefable
|-heal|p1a: Clefable|100/100
|
|-damage|p2a: Carotte|0 fnt|[from] psn
|faint|p2a: Carotte
|upkeep
|inactive|Redemption has 15 seconds left this turn.
|
|switch|p2a: Sardine|Azumarill, M|100/100
|-damage|p2a: Sardine|88/100|[from] Spikes
|turn|16
|inactive|Redemption has 25 seconds left this turn.
|inactive|Redemption has 20 seconds left.
|inactive|Team Pokepals has 120 seconds left.
|inactive|Team Pokepals has 90 seconds left.
|inactive|Team Pokepals has 60 seconds left.
|
|switch|p1a: Zeraora|Zeraora|49/100
|move|p2a: Sardine|Belly Drum|p2a: Sardine
|-damage|p2a: Sardine|38/100
|-setboost|p2a: Sardine|atk|6|[from] move: Belly Drum
|-enditem|p2a: Sardine|Sitrus Berry|[eat]
|-heal|p2a: Sardine|63/100|[from] item: Sitrus Berry
|
|upkeep
|turn|17
|inactive|Redemption has 30 seconds left this turn.
|
|move|p2a: Sardine|Aqua Jet|p1a: Zeraora
|-damage|p1a: Zeraora|0 fnt
|faint|p1a: Zeraora
|
|upkeep
|
|switch|p1a: Mandibuzz|Mandibuzz, F|100/100
|turn|18
|inactive|Redemption has 30 seconds left.
|
|move|p2a: Sardine|Play Rough|p1a: Mandibuzz
|-supereffective|p1a: Mandibuzz
|-damage|p1a: Mandibuzz|0 fnt
|faint|p1a: Mandibuzz
|
|upkeep
|inactive|Redemption has 30 seconds left this turn.
|inactive|Team Pokepals has 60 seconds left.
|
|switch|p1a: Cinderace|Cinderace, M|77/100
|turn|19
|
|switch|p1a: Ferrothorn|Ferrothorn, M|68/100
|move|p2a: Sardine|Aqua Jet|p1a: Ferrothorn
|-resisted|p1a: Ferrothorn
|-damage|p1a: Ferrothorn|37/100
|-damage|p2a: Sardine|51/100|[from] ability: Iron Barbs|[of] p1a: Ferrothorn
|
|-heal|p1a: Ferrothorn|43/100|[from] item: Leftovers
|upkeep
|turn|20
|
|move|p2a: Sardine|Knock Off|p1a: Ferrothorn
|-damage|p1a: Ferrothorn|0 fnt
|-damage|p2a: Sardine|39/100|[from] ability: Iron Barbs|[of] p1a: Ferrothorn
|-enditem|p1a: Ferrothorn|Leftovers|[from] move: Knock Off|[of] p2a: Sardine
|faint|p1a: Ferrothorn
|
|upkeep
|
|switch|p1a: Clefable|Clefable, M|100/100
|turn|21
|inactive|Redemption has 60 seconds left.
|
|move|p2a: Sardine|Play Rough|p1a: Clefable
|-damage|p1a: Clefable|0 fnt
|faint|p1a: Clefable
|
|upkeep
|c|☆Redemption|gg
|
|switch|p1a: Cinderace|Cinderace, M|77/100
|turn|22
|c|☆Redemption|GO FRANCE
|c|☆Team Pokepals|gg
|
|move|p2a: Sardine|Aqua Jet|p1a: Cinderace
|-supereffective|p1a: Cinderace
|-damage|p1a: Cinderace|0 fnt
|faint|p1a: Cinderace
|
|win|Redemption
