|inactive|Battle timer is ON: inactive players will automatically lose when time's up.
|player|p1|John W|sabrina-gen3|
|player|p2|GeniusX|evelyn|
|teamsize|p1|6
|teamsize|p2|6
|gametype|singles
|gen|8
|tier|[Gen 8] OU
|clearpoke
|poke|p1|Mandibuzz, F|
|poke|p1|Clefable, M|
|poke|p1|Dragapult, M|
|poke|p1|Quagsire, F|
|poke|p1|Toxapex, F|
|poke|p1|Chansey, F|
|poke|p2|Urshifu, F|
|poke|p2|Hatterene, F|
|poke|p2|Slowbro, F|
|poke|p2|Dragapult, M|
|poke|p2|Chansey, F|
|poke|p2|Magearna|
|rule|Sleep Clause Mod: Limit one foe put to sleep
|rule|Species Clause: Limit one of each Pokémon
|rule|OHKO Clause: OHKO moves are banned
|rule|Evasion Moves Clause: Evasion moves are banned
|rule|Endless Battle Clause: Forcing endless battles is banned
|rule|HP Percentage Mod: HP is shown in percentages
|rule|Dynamax Clause: You cannot dynamax
|teampreview
|c|☆John W|have fun xing 
|c|☆GeniusX|hf
|c|+K!ngSky|LOL
|c|+K!ngSky|hat
|c|+capperrr|lmao
|inactive|John W has 270 seconds left.
|inactive|GeniusX has 270 seconds left.
|
|start
|switch|p1a: Toxapex|Toxapex, F|100/100
|switch|p2a: Hatterene|Hatterene, F|100/100
|turn|1
|
|switch|p1a: Chansey|Chansey, F|100/100
|move|p2a: Hatterene|Calm Mind|p2a: Hatterene
|-boost|p2a: Hatterene|spa|1
|-boost|p2a: Hatterene|spd|1
|
|upkeep
|turn|2
|
|move|p1a: Chansey|Seismic Toss|p2a: Hatterene
|-damage|p2a: Hatterene|69/100
|move|p2a: Hatterene|Calm Mind|p2a: Hatterene
|-boost|p2a: Hatterene|spa|1
|-boost|p2a: Hatterene|spd|1
|
|-heal|p2a: Hatterene|75/100|[from] item: Leftovers
|upkeep
|turn|3
|
|move|p1a: Chansey|Seismic Toss|p2a: Hatterene
|-damage|p2a: Hatterene|44/100
|move|p2a: Hatterene|Draining Kiss|p1a: Chansey
|-damage|p1a: Chansey|86/100
|-heal|p2a: Hatterene|67/100|[from] drain|[of] p1a: Chansey
|
|-heal|p2a: Hatterene|73/100|[from] item: Leftovers
|upkeep
|turn|4
|c|+K!ngSky|gg
|
|move|p1a: Chansey|Seismic Toss|p2a: Hatterene
|-damage|p2a: Hatterene|42/100
|move|p2a: Hatterene|Draining Kiss|p1a: Chansey
|-damage|p1a: Chansey|71/100
|-heal|p2a: Hatterene|67/100|[from] drain|[of] p1a: Chansey
|
|-heal|p2a: Hatterene|73/100|[from] item: Leftovers
|upkeep
|turn|5
|
|move|p1a: Chansey|Seismic Toss|p2a: Hatterene
|-damage|p2a: Hatterene|41/100
|move|p2a: Hatterene|Draining Kiss|p1a: Chansey
|-damage|p1a: Chansey|57/100
|-heal|p2a: Hatterene|65/100|[from] drain|[of] p1a: Chansey
|
|-heal|p2a: Hatterene|71/100|[from] item: Leftovers
|upkeep
|turn|6
|
|move|p1a: Chansey|Seismic Toss|p2a: Hatterene
|-damage|p2a: Hatterene|40/100
|move|p2a: Hatterene|Draining Kiss|p1a: Chansey
|-damage|p1a: Chansey|43/100
|-heal|p2a: Hatterene|62/100|[from] drain|[of] p1a: Chansey
|
|-heal|p2a: Hatterene|68/100|[from] item: Leftovers
|upkeep
|turn|7
|
|move|p1a: Chansey|Soft-Boiled|p1a: Chansey
|-heal|p1a: Chansey|93/100
|move|p2a: Hatterene|Calm Mind|p2a: Hatterene
|-boost|p2a: Hatterene|spa|1
|-boost|p2a: Hatterene|spd|1
|
|-heal|p2a: Hatterene|74/100|[from] item: Leftovers
|upkeep
|turn|8
|
|move|p1a: Chansey|Seismic Toss|p2a: Hatterene
|-damage|p2a: Hatterene|43/100
|move|p2a: Hatterene|Draining Kiss|p1a: Chansey
|-damage|p1a: Chansey|78/100
|-heal|p2a: Hatterene|69/100|[from] drain|[of] p1a: Chansey
|
|-heal|p2a: Hatterene|75/100|[from] item: Leftovers
|upkeep
|turn|9
|inactive|GeniusX has 270 seconds left.
|inactive|John W has 270 seconds left.
|
|move|p1a: Chansey|Seismic Toss|p2a: Hatterene
|-damage|p2a: Hatterene|43/100
|move|p2a: Hatterene|Draining Kiss|p1a: Chansey
|-damage|p1a: Chansey|61/100
|-heal|p2a: Hatterene|71/100|[from] drain|[of] p1a: Chansey
|
|-heal|p2a: Hatterene|77/100|[from] item: Leftovers
|upkeep
|turn|10
|
|move|p1a: Chansey|Seismic Toss|p2a: Hatterene
|-damage|p2a: Hatterene|46/100
|move|p2a: Hatterene|Psyshock|p1a: Chansey
|-damage|p1a: Chansey|4/100
|
|-heal|p2a: Hatterene|52/100|[from] item: Leftovers
|upkeep
|turn|11
|inactive|John W has 270 seconds left.
|
|switch|p1a: Quagsire|Quagsire, F|100/100
|move|p2a: Hatterene|Draining Kiss|p1a: Quagsire
|-damage|p1a: Quagsire|75/100
|-heal|p2a: Hatterene|75/100|[from] drain|[of] p1a: Quagsire
|
|-heal|p2a: Hatterene|81/100|[from] item: Leftovers
|-heal|p1a: Quagsire|81/100|[from] item: Leftovers
|upkeep
|turn|12
|
|move|p2a: Hatterene|Giga Drain|p1a: Quagsire
|-supereffective|p1a: Quagsire
|-damage|p1a: Quagsire|0 fnt
|-heal|p2a: Hatterene|100/100|[from] drain|[of] p1a: Quagsire
|faint|p1a: Quagsire
|
|upkeep
|c|+K!ngSky|why
|c|☆John W|you really
|c|+K!ngSky|why
|c|☆John W|cteamed
|c|☆John W|me
|c|+K!ngSky|LOL
|c|+K!ngSky|I told tyou
|c|☆John W|i hate you
|
|switch|p1a: Toxapex|Toxapex, F|100/100
|turn|13
|c|☆GeniusX|LOLL
|c|+CasperXVI|dis was the hardest cteam
|
|move|p2a: Hatterene|Psyshock|p1a: Toxapex
|-supereffective|p1a: Toxapex
|-damage|p1a: Toxapex|0 fnt
|faint|p1a: Toxapex
|
|upkeep
|c|+K!ngSky|xing you have to thank me
|c|+Rinnegan frs|goat xing
|c|+CasperXVI|relt
|c|+starry|what kinda bot set is this
|-message|John W forfeited.
|
|win|GeniusX
|c|+capperrr|LOL
|c|☆GeniusX|LOOL
|c|+CasperXVI|LMAOO
|c|+capperrr|BRUH
|c|+CasperXVI|noo johnny noooo
