|inactive|Battle timer is ON: inactive players will automatically lose when time's up.
|t:|1663526233
|gametype|singles
|player|p1|HikozaruGG|170|
|player|p2|Charmflash|#scl1spartans|
|teamsize|p1|6
|teamsize|p2|6
|gen|8
|tier|[Gen 8] OU
|rule|Sleep Clause Mod: Limit one foe put to sleep
|rule|Species Clause: Limit one of each Pokémon
|rule|OHKO Clause: OHKO moves are banned
|rule|Evasion Items Clause: Evasion items are banned
|rule|Evasion Moves Clause: Evasion moves are banned
|rule|Endless Battle Clause: Forcing endless battles is banned
|rule|HP Percentage Mod: HP is shown in percentages
|rule|Dynamax Clause: You cannot dynamax
|clearpoke
|poke|p1|Dragapult, M|
|poke|p1|Nihilego|
|poke|p1|Landorus-Therian, M|
|poke|p1|Melmetal|
|poke|p1|Magnezone|
|poke|p1|Kartana|
|poke|p2|Melmetal|
|poke|p2|Tornadus-Therian, M|
|poke|p2|Slowking, M|
|poke|p2|Landorus-Therian, M|
|poke|p2|Weavile, M|
|poke|p2|Kommo-o, F|
|teampreview
|inactive|Charmflash also wants the timer to be on.
|inactive|HikozaruGG also wants the timer to be on.
|c|☆Charmflash|hf
|c|☆HikozaruGG|hf
|inactive|Charmflash has 270 seconds left.
|
|t:|1663526269
|start
|switch|p1a: Landorus|Landorus-Therian, M|100/100
|switch|p2a: Kommo-o|Kommo-o, F|100/100
|-ability|p1a: Landorus|Intimidate|boost
|-unboost|p2a: Kommo-o|atk|1
|turn|1
|
|t:|1663526278
|move|p1a: Landorus|Earthquake|p2a: Kommo-o
|-damage|p2a: Kommo-o|55/100
|move|p2a: Kommo-o|Toxic|p1a: Landorus
|-status|p1a: Landorus|tox
|
|-heal|p2a: Kommo-o|61/100|[from] item: Leftovers
|-damage|p1a: Landorus|95/100 tox|[from] psn
|upkeep
|turn|2
|
|t:|1663526284
|move|p2a: Kommo-o|Protect|p2a: Kommo-o
|-singleturn|p2a: Kommo-o|Protect
|move|p1a: Landorus|Knock Off|p2a: Kommo-o
|-activate|p2a: Kommo-o|move: Protect
|
|-heal|p2a: Kommo-o|67/100|[from] item: Leftovers
|-damage|p1a: Landorus|83/100 tox|[from] psn
|upkeep
|turn|3
|
|t:|1663526291
|move|p1a: Landorus|Knock Off|p2a: Kommo-o
|-resisted|p2a: Kommo-o
|-damage|p2a: Kommo-o|56/100
|-enditem|p2a: Kommo-o|Leftovers|[from] move: Knock Off|[of] p1a: Landorus
|move|p2a: Kommo-o|Stealth Rock|p1a: Landorus
|-sidestart|p1: HikozaruGG|move: Stealth Rock
|
|-damage|p1a: Landorus|65/100 tox|[from] psn
|upkeep
|turn|4
|
|t:|1663526300
|move|p2a: Kommo-o|Protect|p2a: Kommo-o
|-singleturn|p2a: Kommo-o|Protect
|move|p1a: Landorus|Earthquake|p2a: Kommo-o
|-activate|p2a: Kommo-o|move: Protect
|
|-damage|p1a: Landorus|41/100 tox|[from] psn
|upkeep
|turn|5
|
|t:|1663526307
|switch|p2a: Tornadus|Tornadus-Therian, M|100/100
|move|p1a: Landorus|Defog|p2a: Tornadus
|-unboost|p2a: Tornadus|evasion|1
|-sideend|p1: HikozaruGG|Stealth Rock|[from] move: Defog|[of] p1a: Landorus
|
|-damage|p1a: Landorus|11/100 tox|[from] psn
|upkeep
|turn|6
|
|t:|1663526321
|switch|p1a: Melmetal|Melmetal|100/100
|move|p2a: Tornadus|Knock Off|p1a: Melmetal
|-damage|p1a: Melmetal|90/100
|-enditem|p1a: Melmetal|Choice Band|[from] move: Knock Off|[of] p2a: Tornadus
|
|upkeep
|turn|7
|
|t:|1663526328
|move|p2a: Tornadus|U-turn|p1a: Melmetal
|-resisted|p1a: Melmetal
|-damage|p1a: Melmetal|86/100
|
|t:|1663526356
|switch|p2a: Slowking|Slowking, M|100/100|[from]move: U-turn
|move|p1a: Melmetal|Double Iron Bash|p2a: Slowking
|-resisted|p2a: Slowking
|-damage|p2a: Slowking|80/100
|-resisted|p2a: Slowking
|-damage|p2a: Slowking|58/100
|-hitcount|p2a: Slowking|2
|
|upkeep
|turn|8
|
|t:|1663526362
|switch|p2a: Landorus|Landorus-Therian, M|100/100
|-ability|p2a: Landorus|Intimidate|boost
|-unboost|p1a: Melmetal|atk|1
|move|p1a: Melmetal|Thunder Punch|p2a: Landorus
|-immune|p2a: Landorus
|
|upkeep
|turn|9
|
|t:|1663526383
|switch|p2a: Slowking|Slowking, M|91/100
|switch|p1a: Landorus|Landorus-Therian, M|11/100 tox
|-ability|p1a: Landorus|Intimidate|boost
|-unboost|p2a: Slowking|atk|1
|
|-damage|p1a: Landorus|5/100 tox|[from] psn
|upkeep
|turn|10
|
|t:|1663526390
|switch|p2a: Kommo-o|Kommo-o, F|56/100
|move|p1a: Landorus|U-turn|p2a: Kommo-o
|-resisted|p2a: Kommo-o
|-damage|p2a: Kommo-o|47/100
|
|t:|1663526399
|switch|p1a: Dragapult|Dragapult, M|100/100|[from]move: U-turn
|
|upkeep
|turn|11
|
|t:|1663526404
|move|p2a: Kommo-o|Protect|p2a: Kommo-o
|-singleturn|p2a: Kommo-o|Protect
|move|p1a: Dragapult|Draco Meteor|p2a: Kommo-o
|-activate|p2a: Kommo-o|move: Protect
|
|upkeep
|turn|12
|
|t:|1663526410
|switch|p2a: Slowking|Slowking, M|100/100
|move|p1a: Dragapult|Draco Meteor|p2a: Slowking
|-damage|p2a: Slowking|43/100
|-unboost|p1a: Dragapult|spa|2
|
|upkeep
|turn|13
|
|t:|1663526423
|switch|p1a: Kartana|Kartana|100/100
|switch|p2a: Tornadus|Tornadus-Therian, M|100/100
|
|upkeep
|turn|14
|
|t:|1663526443
|move|p1a: Kartana|Smart Strike|p2a: Tornadus
|-damage|p2a: Tornadus|49/100
|move|p2a: Tornadus|Hurricane|p1a: Kartana
|-damage|p1a: Kartana|0 fnt
|faint|p1a: Kartana
|
|upkeep
|
|t:|1663526451
|switch|p1a: Melmetal|Melmetal|86/100
|turn|15
|
|t:|1663526458
|move|p2a: Tornadus|U-turn|p1a: Melmetal
|-resisted|p1a: Melmetal
|-damage|p1a: Melmetal|82/100
|
|t:|1663526472
|switch|p2a: Melmetal|Melmetal|100/100|[from]move: U-turn
|move|p1a: Melmetal|Double Iron Bash|p2a: Melmetal
|-resisted|p2a: Melmetal
|-damage|p2a: Melmetal|87/100
|-resisted|p2a: Melmetal
|-damage|p2a: Melmetal|75/100
|-hitcount|p2a: Melmetal|2
|
|upkeep
|turn|16
|
|t:|1663526482
|move|p2a: Melmetal|Earthquake|p1a: Melmetal
|-supereffective|p1a: Melmetal
|-damage|p1a: Melmetal|36/100
|move|p1a: Melmetal|Double Iron Bash|p2a: Melmetal
|-resisted|p2a: Melmetal
|-damage|p2a: Melmetal|61/100
|-resisted|p2a: Melmetal
|-damage|p2a: Melmetal|48/100
|-hitcount|p2a: Melmetal|2
|
|upkeep
|turn|17
|
|t:|1663526492
|switch|p1a: Magnezone|Magnezone|100/100
|-item|p1a: Magnezone|Air Balloon
|move|p2a: Melmetal|Earthquake|p1a: Magnezone
|-immune|p1a: Magnezone
|
|upkeep
|turn|18
|
|t:|1663526501
|move|p1a: Magnezone|Iron Defense|p1a: Magnezone
|-boost|p1a: Magnezone|def|2
|move|p2a: Melmetal|Ice Punch|p1a: Magnezone
|-resisted|p1a: Magnezone
|-damage|p1a: Magnezone|93/100
|-enditem|p1a: Magnezone|Air Balloon
|
|upkeep
|turn|19
|
|t:|1663526507
|move|p1a: Magnezone|Magnet Rise|p1a: Magnezone
|-start|p1a: Magnezone|Magnet Rise
|move|p2a: Melmetal|Earthquake|p1a: Magnezone
|-immune|p1a: Magnezone
|
|upkeep
|turn|20
|
|t:|1663526515
|move|p1a: Magnezone|Body Press|p2a: Melmetal
|-supereffective|p2a: Melmetal
|-crit|p2a: Melmetal
|-damage|p2a: Melmetal|0 fnt
|faint|p2a: Melmetal
|
|upkeep
|
|t:|1663526531
|switch|p2a: Slowking|Slowking, M|77/100
|turn|21
|
|t:|1663526534
|move|p1a: Magnezone|Discharge|p2a: Slowking
|-supereffective|p2a: Slowking
|-damage|p2a: Slowking|35/100
|move|p2a: Slowking|Scald|p1a: Magnezone
|-damage|p1a: Magnezone|64/100
|-status|p1a: Magnezone|brn
|
|-damage|p1a: Magnezone|58/100 brn|[from] brn
|upkeep
|turn|22
|
|t:|1663526549
|switch|p2a: Landorus|Landorus-Therian, M|100/100
|-ability|p2a: Landorus|Intimidate|boost
|-unboost|p1a: Magnezone|atk|1
|move|p1a: Magnezone|Body Press|p2a: Landorus
|-resisted|p2a: Landorus
|-damage|p2a: Landorus|88/100
|
|-heal|p2a: Landorus|94/100|[from] item: Leftovers
|-damage|p1a: Magnezone|52/100 brn|[from] brn
|upkeep
|turn|23
|
|t:|1663526560
|move|p2a: Landorus|Knock Off|p1a: Magnezone
|-damage|p1a: Magnezone|44/100 brn
|move|p1a: Magnezone|Body Press|p2a: Landorus
|-resisted|p2a: Landorus
|-damage|p2a: Landorus|81/100
|
|-heal|p2a: Landorus|87/100|[from] item: Leftovers
|-damage|p1a: Magnezone|38/100 brn|[from] brn
|-end|p1a: Magnezone|Magnet Rise
|upkeep
|turn|24
|
|t:|1663526566
|move|p2a: Landorus|Knock Off|p1a: Magnezone
|-damage|p1a: Magnezone|31/100 brn
|move|p1a: Magnezone|Body Press|p2a: Landorus
|-resisted|p2a: Landorus
|-damage|p2a: Landorus|74/100
|
|-heal|p2a: Landorus|80/100|[from] item: Leftovers
|-damage|p1a: Magnezone|25/100 brn|[from] brn
|upkeep
|turn|25
|
|t:|1663526571
|move|p2a: Landorus|Knock Off|p1a: Magnezone
|-damage|p1a: Magnezone|17/100 brn
|move|p1a: Magnezone|Body Press|p2a: Landorus
|-resisted|p2a: Landorus
|-damage|p2a: Landorus|65/100
|
|-heal|p2a: Landorus|71/100|[from] item: Leftovers
|-damage|p1a: Magnezone|11/100 brn|[from] brn
|upkeep
|turn|26
|
|t:|1663526575
|move|p2a: Landorus|Knock Off|p1a: Magnezone
|-damage|p1a: Magnezone|4/100 brn
|move|p1a: Magnezone|Body Press|p2a: Landorus
|-resisted|p2a: Landorus
|-damage|p2a: Landorus|58/100
|
|-heal|p2a: Landorus|64/100|[from] item: Leftovers
|-damage|p1a: Magnezone|0 fnt|[from] brn
|faint|p1a: Magnezone
|upkeep
|
|t:|1663526602
|switch|p1a: Dragapult|Dragapult, M|100/100
|turn|27
|
|t:|1663526619
|switch|p2a: Tornadus|Tornadus-Therian, M|82/100
|move|p1a: Dragapult|Draco Meteor|p2a: Tornadus
|-damage|p2a: Tornadus|17/100
|-unboost|p1a: Dragapult|spa|2
|
|upkeep
|turn|28
|inactive|HikozaruGG has 270 seconds left.
|
|t:|1663526662
|switch|p2a: Slowking|Slowking, M|68/100
|move|p1a: Dragapult|Draco Meteor|p2a: Slowking
|-damage|p2a: Slowking|38/100
|-unboost|p1a: Dragapult|spa|2
|
|upkeep
|turn|29
|
|t:|1663526674
|switch|p1a: Melmetal|Melmetal|36/100
|move|p2a: Slowking|Teleport|p2a: Slowking
|inactive|Charmflash has 270 seconds left.
|
|t:|1663526705
|switch|p2a: Landorus|Landorus-Therian, M|64/100|[from]move: Teleport
|-ability|p2a: Landorus|Intimidate|boost
|-unboost|p1a: Melmetal|atk|1
|
|-heal|p2a: Landorus|70/100|[from] item: Leftovers
|upkeep
|turn|30
|
|t:|1663526720
|move|p2a: Landorus|Earthquake|p1a: Melmetal
|-supereffective|p1a: Melmetal
|-damage|p1a: Melmetal|0 fnt
|faint|p1a: Melmetal
|
|-heal|p2a: Landorus|76/100|[from] item: Leftovers
|upkeep
|
|t:|1663526723
|switch|p1a: Landorus|Landorus-Therian, M|5/100 tox
|-ability|p1a: Landorus|Intimidate|boost
|-unboost|p2a: Landorus|atk|1
|turn|31
|inactive|Charmflash has 270 seconds left.
|
|t:|1663526733
|switch|p2a: Kommo-o|Kommo-o, F|47/100
|move|p1a: Landorus|Knock Off|p2a: Kommo-o
|-resisted|p2a: Kommo-o
|-damage|p2a: Kommo-o|39/100
|
|-damage|p1a: Landorus|0 fnt|[from] psn
|faint|p1a: Landorus
|upkeep
|
|t:|1663526742
|switch|p1a: Dragapult|Dragapult, M|100/100
|turn|32
|inactive|HikozaruGG has 270 seconds left.
|
|t:|1663526767
|move|p2a: Kommo-o|Protect|p2a: Kommo-o
|-singleturn|p2a: Kommo-o|Protect
|move|p1a: Dragapult|Draco Meteor|p2a: Kommo-o
|-activate|p2a: Kommo-o|move: Protect
|
|upkeep
|turn|33
|
|t:|1663526780
|move|p1a: Dragapult|Draco Meteor|p2a: Kommo-o
|-supereffective|p2a: Kommo-o
|-damage|p2a: Kommo-o|0 fnt
|-unboost|p1a: Dragapult|spa|2
|faint|p2a: Kommo-o
|
|upkeep
|
|t:|1663526790
|switch|p2a: Tornadus|Tornadus-Therian, M|50/100
|turn|34
|
|t:|1663526806
|switch|p1a: Nihilego|Nihilego|100/100
|move|p2a: Tornadus|U-turn|p1a: Nihilego
|-resisted|p1a: Nihilego
|-damage|p1a: Nihilego|88/100
|
|t:|1663526811
|switch|p2a: Landorus|Landorus-Therian, M|76/100|[from]move: U-turn
|-ability|p2a: Landorus|Intimidate|boost
|-unboost|p1a: Nihilego|atk|1
|
|-heal|p2a: Landorus|82/100|[from] item: Leftovers
|upkeep
|turn|35
|
|t:|1663526821
|switch|p1a: Dragapult|Dragapult, M|100/100
|move|p2a: Landorus|Earthquake|p1a: Dragapult
|-damage|p1a: Dragapult|37/100
|
|-heal|p2a: Landorus|88/100|[from] item: Leftovers
|upkeep
|turn|36
|
|t:|1663526828
|switch|p2a: Tornadus|Tornadus-Therian, M|84/100
|move|p1a: Dragapult|Shadow Ball|p2a: Tornadus
|-damage|p2a: Tornadus|49/100
|
|upkeep
|turn|37
|inactive|HikozaruGG has 270 seconds left.
|
|t:|1663526835
|move|p1a: Dragapult|Shadow Ball|p2a: Tornadus
|-damage|p2a: Tornadus|8/100
|move|p2a: Tornadus|U-turn|p1a: Dragapult
|-resisted|p1a: Dragapult
|-damage|p1a: Dragapult|27/100
|
|t:|1663526838
|switch|p2a: Weavile|Weavile, M|100/100|[from]move: U-turn
|-ability|p2a: Weavile|Pressure
|
|upkeep
|turn|38
|
|t:|1663526849
|switch|p1a: Nihilego|Nihilego|88/100
|move|p2a: Weavile|Beat Up|p1a: Nihilego
|-damage|p1a: Nihilego|65/100
|-damage|p1a: Nihilego|39/100
|-damage|p1a: Nihilego|19/100
|-damage|p1a: Nihilego|1/100
|-hitcount|p1a: Nihilego|4
|
|upkeep
|turn|39
|
|t:|1663526858
|move|p2a: Weavile|Beat Up|p1a: Nihilego
|-damage|p1a: Nihilego|0 fnt
|faint|p1a: Nihilego
|-hitcount|p1: Nihilego|1
|
|upkeep
|c|☆HikozaruGG|gg
|-message|HikozaruGG forfeited.
|
|win|Charmflash
|c|☆Charmflash|gg
