|inactive|Battle timer is ON: inactive players will automatically lose when time's up.
|t:|1654807312
|gametype|singles
|player|p1|PedroGreg|#wcop2022brazil|
|player|p2|confide|#splxiiityrants|
|teamsize|p1|6
|teamsize|p2|6
|gen|8
|tier|[Gen 8] OU
|rule|Sleep Clause Mod: Limit one foe put to sleep
|rule|Species Clause: Limit one of each Pokémon
|rule|OHKO Clause: OHKO moves are banned
|rule|Evasion Moves Clause: Evasion moves are banned
|rule|Endless Battle Clause: Forcing endless battles is banned
|rule|HP Percentage Mod: HP is shown in percentages
|rule|Dynamax Clause: You cannot dynamax
|clearpoke
|poke|p1|Dragapult, F|
|poke|p1|Landorus-Therian, M|
|poke|p1|Zapdos|
|poke|p1|Urshifu-*, F|
|poke|p1|Blacephalon|
|poke|p1|Heatran, M|
|poke|p2|Melmetal|
|poke|p2|Weavile, F|
|poke|p2|Corviknight, F|
|poke|p2|Garchomp, M|
|poke|p2|Slowking-Galar, F|
|poke|p2|Urshifu-*, M|
|teampreview
|c|+A HERO'S DESTINY|uh eh gregson
|c|☆PedroGreg|hf
|inactive|PedroGreg has 270 seconds left.
|inactive|confide has 270 seconds left.
|c|+Sahki|gregzada
|c|☆confide|u too
|inactive|PedroGreg has 240 seconds left.
|inactive|confide has 240 seconds left.
|c|+Freezai.|bom dia
|raw|<div class="broadcast-red"><strong>Moderated chat was set to ☆!</strong><br />Only users of rank ☆ and higher can talk.</div>
|inactive|confide has 210 seconds left.
|
|t:|1654807415
|start
|switch|p1a: Dragapult|Dragapult, F|100/100
|switch|p2a: i grieve diferent|Corviknight, F|100/100
|-ability|p2a: i grieve diferent|Pressure
|turn|1
|inactive|PedroGreg has 270 seconds left.
|
|t:|1654807454
|move|p1a: Dragapult|U-turn|p2a: i grieve diferent
|-resisted|p2a: i grieve diferent
|-damage|p2a: i grieve diferent|96/100
|-damage|p1a: Dragapult|84/100|[from] item: Rocky Helmet|[of] p2a: i grieve diferent
|
|t:|1654807463
|switch|p1a: Urshifu|Urshifu-Rapid-Strike, F|100/100|[from]move: U-turn
|move|p2a: i grieve diferent|Roost|p2a: i grieve diferent
|-heal|p2a: i grieve diferent|100/100
|-singleturn|p2a: i grieve diferent|move: Roost
|
|upkeep
|turn|2
|inactive|PedroGreg has 270 seconds left.
|inactive|PedroGreg has 240 seconds left.
|inactive|PedroGreg has 210 seconds left.
|
|t:|1654807534
|move|p1a: Urshifu|Surging Strikes|p2a: i grieve diferent
|-crit|p2a: i grieve diferent
|-damage|p2a: i grieve diferent|87/100
|-crit|p2a: i grieve diferent
|-damage|p2a: i grieve diferent|74/100
|-crit|p2a: i grieve diferent
|-damage|p2a: i grieve diferent|61/100
|-hitcount|p2a: i grieve diferent|3
|move|p2a: i grieve diferent|U-turn|p1a: Urshifu
|-resisted|p1a: Urshifu
|-damage|p1a: Urshifu|94/100
|inactive|confide has 270 seconds left.
|inactive|confide has 240 seconds left.
|
|t:|1654807587
|switch|p2a: hes a killa|Urshifu-Rapid-Strike, M|100/100|[from]move: U-turn
|
|upkeep
|turn|3
|inactive|PedroGreg has 210 seconds left.
|
|t:|1654807604
|switch|p1a: Dragapult|Dragapult, F|84/100
|move|p2a: hes a killa|Close Combat|p1a: Dragapult
|-immune|p1a: Dragapult
|
|upkeep
|turn|4
|inactive|PedroGreg has 210 seconds left.
|
|t:|1654807621
|switch|p2a: not ur savior 😔|Slowking-Galar, F|100/100
|move|p1a: Dragapult|U-turn|p2a: not ur savior 😔
|-damage|p2a: not ur savior 😔|61/100
|inactive|PedroGreg has 210 seconds left.
|
|t:|1654807626
|switch|p1a: Blacephalon|Blacephalon|100/100|[from]move: U-turn
|
|upkeep
|turn|5
|
|t:|1654807632
|switch|p2a: are u happy for me|Garchomp, M|100/100
|move|p1a: Blacephalon|Shadow Ball|p2a: are u happy for me
|-damage|p2a: are u happy for me|50/100
|
|-heal|p2a: are u happy for me|56/100|[from] item: Leftovers
|upkeep
|turn|6
|inactive|confide has 240 seconds left.
|inactive|PedroGreg has 210 seconds left.
|inactive|PedroGreg has 180 seconds left.
|
|t:|1654807698
|switch|p1a: Landorus|Landorus-Therian, M|100/100
|-ability|p1a: Landorus|Intimidate|boost
|-unboost|p2a: are u happy for me|atk|1
|move|p2a: are u happy for me|Stealth Rock|p1a: Landorus
|-sidestart|p1: PedroGreg|move: Stealth Rock
|
|-heal|p2a: are u happy for me|62/100|[from] item: Leftovers
|upkeep
|turn|7
|inactive|confide has 240 seconds left.
|
|t:|1654807718
|switch|p2a: hes a killa|Urshifu-Rapid-Strike, M|100/100
|move|p1a: Landorus|Knock Off|p2a: hes a killa
|-resisted|p2a: hes a killa
|-damage|p2a: hes a killa|86/100
|-enditem|p2a: hes a killa|Protective Pads|[from] move: Knock Off|[of] p1a: Landorus
|
|upkeep
|turn|8
|
|t:|1654807724
|switch|p1a: Zapdos|Zapdos|100/100
|move|p2a: hes a killa|Surging Strikes|p1a: Zapdos
|-crit|p1a: Zapdos
|-damage|p1a: Zapdos|84/100
|-crit|p1a: Zapdos
|-damage|p1a: Zapdos|69/100
|-crit|p1a: Zapdos
|-damage|p1a: Zapdos|53/100
|-status|p2a: hes a killa|par|[from] ability: Static|[of] p1a: Zapdos
|-hitcount|p1a: Zapdos|3
|
|upkeep
|turn|9
|inactive|confide has 240 seconds left.
|
|t:|1654807733
|switch|p2a: not ur savior 😔|Slowking-Galar, F|95/100
|move|p1a: Zapdos|Defog|p2a: not ur savior 😔
|-unboost|p2a: not ur savior 😔|evasion|1
|-sideend|p1: PedroGreg|Stealth Rock|[from] move: Defog|[of] p1a: Zapdos
|
|upkeep
|turn|10
|inactive|confide has 240 seconds left.
|
|t:|1654807749
|move|p1a: Zapdos|Roost|p1a: Zapdos
|-heal|p1a: Zapdos|100/100
|-singleturn|p1a: Zapdos|move: Roost
|move|p2a: not ur savior 😔|Future Sight|p1a: Zapdos
|-start|p2a: not ur savior 😔|move: Future Sight
|
|upkeep
|turn|11
|inactive|PedroGreg has 150 seconds left.
|
|t:|1654807793
|switch|p1a: Landorus|Landorus-Therian, M|100/100
|-ability|p1a: Landorus|Intimidate|boost
|-unboost|p2a: not ur savior 😔|atk|1
|move|p2a: not ur savior 😔|Scald|p1a: Landorus
|-supereffective|p1a: Landorus
|-damage|p1a: Landorus|59/100
|
|-heal|p1a: Landorus|65/100|[from] item: Leftovers
|upkeep
|turn|12
|inactive|confide has 240 seconds left.
|inactive|PedroGreg has 120 seconds left.
|inactive|confide has 210 seconds left.
|inactive|confide has 180 seconds left.
|
|t:|1654807881
|switch|p2a: hes a killa|Urshifu-Rapid-Strike, M|86/100 par
|move|p1a: Landorus|Stealth Rock|p2a: hes a killa
|-sidestart|p2: confide|move: Stealth Rock
|
|-end|p1a: Landorus|move: Future Sight
|-crit|p1a: Landorus
|-damage|p1a: Landorus|2/100
|-heal|p1a: Landorus|8/100|[from] item: Leftovers
|upkeep
|turn|13
|inactive|PedroGreg has 90 seconds left.
|
|t:|1654807916
|move|p1a: Landorus|Earthquake|p2a: hes a killa
|-damage|p2a: hes a killa|40/100 par
|move|p2a: hes a killa|U-turn|p1a: Landorus
|-resisted|p1a: Landorus
|-damage|p1a: Landorus|0 fnt
|faint|p1a: Landorus
|
|t:|1654807941
|switch|p2a: not ur savior 😔|Slowking-Galar, F|100/100|[from]move: U-turn
|-damage|p2a: not ur savior 😔|88/100|[from] Stealth Rock
|
|upkeep
|inactive|PedroGreg has 60 seconds left.
|
|t:|1654807972
|switch|p1a: Heatran|Heatran, M|100/100
|turn|14
|inactive|confide has 150 seconds left.
|
|t:|1654808002
|move|p1a: Heatran|Magma Storm|p2a: not ur savior 😔
|-damage|p2a: not ur savior 😔|68/100
|-activate|p2a: not ur savior 😔|move: Magma Storm|[of] p1a: Heatran
|move|p2a: not ur savior 😔|Scald|p1a: Heatran
|-supereffective|p1a: Heatran
|-damage|p1a: Heatran|68/100
|
|-heal|p1a: Heatran|74/100|[from] item: Leftovers
|-damage|p2a: not ur savior 😔|55/100|[from] move: Magma Storm|[partiallytrapped]
|upkeep
|turn|15
|
|t:|1654808009
|move|p1a: Heatran|Protect|p1a: Heatran
|-singleturn|p1a: Heatran|Protect
|move|p2a: not ur savior 😔|Scald|p1a: Heatran
|-activate|p1a: Heatran|move: Protect
|
|-heal|p1a: Heatran|80/100|[from] item: Leftovers
|-damage|p2a: not ur savior 😔|43/100|[from] move: Magma Storm|[partiallytrapped]
|upkeep
|turn|16
|
|t:|1654808011
|move|p1a: Heatran|Earth Power|p2a: not ur savior 😔
|-supereffective|p2a: not ur savior 😔
|-damage|p2a: not ur savior 😔|16/100
|move|p2a: not ur savior 😔|Scald|p1a: Heatran
|-supereffective|p1a: Heatran
|-damage|p1a: Heatran|49/100
|
|-heal|p1a: Heatran|55/100|[from] item: Leftovers
|-damage|p2a: not ur savior 😔|4/100|[from] move: Magma Storm|[partiallytrapped]
|upkeep
|turn|17
|
|t:|1654808017
|move|p1a: Heatran|Earth Power|p2a: not ur savior 😔
|-supereffective|p2a: not ur savior 😔
|-damage|p2a: not ur savior 😔|0 fnt
|faint|p2a: not ur savior 😔
|
|-heal|p1a: Heatran|61/100|[from] item: Leftovers
|upkeep
|
|t:|1654808024
|switch|p2a: are u happy for me|Garchomp, M|62/100
|-damage|p2a: are u happy for me|56/100|[from] Stealth Rock
|turn|18
|inactive|PedroGreg has 90 seconds left.
|
|t:|1654808051
|switch|p1a: Urshifu|Urshifu-Rapid-Strike, F|94/100
|move|p2a: are u happy for me|Earthquake|p1a: Urshifu
|-damage|p1a: Urshifu|48/100
|
|-heal|p2a: are u happy for me|62/100|[from] item: Leftovers
|upkeep
|turn|19
|inactive|PedroGreg has 90 seconds left.
|inactive|confide has 150 seconds left.
|
|t:|1654808084
|switch|p2a: hes a killa|Urshifu-Rapid-Strike, M|40/100 par
|-damage|p2a: hes a killa|33/100 par|[from] Stealth Rock
|move|p1a: Urshifu|Surging Strikes|p2a: hes a killa
|-resisted|p2a: hes a killa
|-crit|p2a: hes a killa
|-damage|p2a: hes a killa|24/100 par
|-resisted|p2a: hes a killa
|-crit|p2a: hes a killa
|-damage|p2a: hes a killa|13/100 par
|-resisted|p2a: hes a killa
|-crit|p2a: hes a killa
|-damage|p2a: hes a killa|4/100 par
|-hitcount|p2a: hes a killa|3
|
|upkeep
|turn|20
|
|t:|1654808089
|move|p1a: Urshifu|Surging Strikes|p2a: hes a killa
|-resisted|p2a: hes a killa
|-crit|p2a: hes a killa
|-damage|p2a: hes a killa|0 fnt
|faint|p2a: hes a killa
|-hitcount|p2: hes a killa|1
|
|upkeep
|inactive|confide has 120 seconds left.
|
|t:|1654808137
|switch|p2a: scratch that itch|Melmetal|100/100
|-damage|p2a: scratch that itch|94/100|[from] Stealth Rock
|turn|21
|
|t:|1654808153
|move|p1a: Urshifu|U-turn|p2a: scratch that itch
|-resisted|p2a: scratch that itch
|-damage|p2a: scratch that itch|88/100
|
|t:|1654808157
|switch|p1a: Zapdos|Zapdos|100/100|[from]move: U-turn
|move|p2a: scratch that itch|Thunder Punch|p1a: Zapdos
|-damage|p1a: Zapdos|60/100
|
|upkeep
|turn|22
|
|t:|1654808176
|switch|p1a: Dragapult|Dragapult, F|84/100
|switch|p2a: are u happy for me|Garchomp, M|62/100
|-damage|p2a: are u happy for me|56/100|[from] Stealth Rock
|
|-heal|p2a: are u happy for me|62/100|[from] item: Leftovers
|upkeep
|turn|23
|
|t:|1654808182
|move|p2a: are u happy for me|Protect|p2a: are u happy for me
|-singleturn|p2a: are u happy for me|Protect
|move|p1a: Dragapult|U-turn|p2a: are u happy for me
|-activate|p2a: are u happy for me|move: Protect
|
|-heal|p2a: are u happy for me|68/100|[from] item: Leftovers
|upkeep
|turn|24
|inactive|confide has 90 seconds left.
|
|t:|1654808213
|move|p1a: Dragapult|U-turn|p2a: are u happy for me
|-damage|p2a: are u happy for me|41/100
|-damage|p1a: Dragapult|72/100|[from] ability: Rough Skin|[of] p2a: are u happy for me
|
|t:|1654808219
|switch|p1a: Zapdos|Zapdos|60/100|[from]move: U-turn
|move|p2a: are u happy for me|Earthquake|p1a: Zapdos
|-immune|p1a: Zapdos
|
|-heal|p2a: are u happy for me|47/100|[from] item: Leftovers
|upkeep
|turn|25
|
|t:|1654808226
|move|p2a: are u happy for me|Stealth Rock|p1a: Zapdos
|-sidestart|p1: PedroGreg|move: Stealth Rock
|move|p1a: Zapdos|Hurricane|p2a: are u happy for me|[miss]
|-miss|p1a: Zapdos|p2a: are u happy for me
|
|-heal|p2a: are u happy for me|54/100|[from] item: Leftovers
|upkeep
|turn|26
|inactive|confide has 90 seconds left.
|
|t:|1654808254
|move|p2a: are u happy for me|Protect|p2a: are u happy for me
|-singleturn|p2a: are u happy for me|Protect
|move|p1a: Zapdos|Hurricane|p2a: are u happy for me
|-activate|p2a: are u happy for me|move: Protect
|
|-heal|p2a: are u happy for me|60/100|[from] item: Leftovers
|upkeep
|turn|27
|
|t:|1654808261
|switch|p2a: scratch that itch|Melmetal|88/100
|-damage|p2a: scratch that itch|82/100|[from] Stealth Rock
|move|p1a: Zapdos|Hurricane|p2a: scratch that itch|[miss]
|-miss|p1a: Zapdos|p2a: scratch that itch
|
|upkeep
|turn|28
|inactive|confide has 90 seconds left.
|
|t:|1654808287
|switch|p2a: are u happy for me|Garchomp, M|60/100
|-damage|p2a: are u happy for me|54/100|[from] Stealth Rock
|move|p1a: Zapdos|Roost|p1a: Zapdos
|-heal|p1a: Zapdos|100/100
|-singleturn|p1a: Zapdos|move: Roost
|
|-heal|p2a: are u happy for me|60/100|[from] item: Leftovers
|upkeep
|turn|29
|
|t:|1654808298
|move|p2a: are u happy for me|Protect|p2a: are u happy for me
|-singleturn|p2a: are u happy for me|Protect
|move|p1a: Zapdos|Hurricane|p2a: are u happy for me
|-activate|p2a: are u happy for me|move: Protect
|
|-heal|p2a: are u happy for me|66/100|[from] item: Leftovers
|upkeep
|turn|30
|
|t:|1654808302
|move|p2a: are u happy for me|Toxic|p1a: Zapdos
|-status|p1a: Zapdos|tox
|move|p1a: Zapdos|Hurricane|p2a: are u happy for me
|-damage|p2a: are u happy for me|36/100
|
|-heal|p2a: are u happy for me|42/100|[from] item: Leftovers
|-damage|p1a: Zapdos|94/100 tox|[from] psn
|upkeep
|turn|31
|
|t:|1654808315
|move|p2a: are u happy for me|Protect|p2a: are u happy for me
|-singleturn|p2a: are u happy for me|Protect
|move|p1a: Zapdos|Hurricane|p2a: are u happy for me
|-activate|p2a: are u happy for me|move: Protect
|
|-heal|p2a: are u happy for me|48/100|[from] item: Leftovers
|-damage|p1a: Zapdos|82/100 tox|[from] psn
|upkeep
|turn|32
|
|t:|1654808338
|switch|p2a: scratch that itch|Melmetal|82/100
|-damage|p2a: scratch that itch|75/100|[from] Stealth Rock
|move|p1a: Zapdos|Hurricane|p2a: scratch that itch|[miss]
|-miss|p1a: Zapdos|p2a: scratch that itch
|
|-damage|p1a: Zapdos|64/100 tox|[from] psn
|upkeep
|turn|33
|
|t:|1654808349
|move|p1a: Zapdos|Discharge|p2a: scratch that itch
|-damage|p2a: scratch that itch|48/100
|move|p2a: scratch that itch|Thunder Punch|p1a: Zapdos
|-damage|p1a: Zapdos|27/100 tox
|-status|p2a: scratch that itch|par|[from] ability: Static|[of] p1a: Zapdos
|
|-damage|p1a: Zapdos|3/100 tox|[from] psn
|upkeep
|turn|34
|
|t:|1654808361
|move|p1a: Zapdos|Defog|p2a: scratch that itch
|-unboost|p2a: scratch that itch|evasion|1
|-sideend|p2: confide|Stealth Rock|[from] move: Defog|[of] p1a: Zapdos
|-sideend|p1: PedroGreg|Stealth Rock|[from] move: Defog|[of] p1a: Zapdos
|move|p2a: scratch that itch|Thunder Punch|p1a: Zapdos
|-damage|p1a: Zapdos|0 fnt
|faint|p1a: Zapdos
|
|upkeep
|
|t:|1654808371
|switch|p1a: Heatran|Heatran, M|61/100
|turn|35
|inactive|confide has 60 seconds left.
|
|t:|1654808409
|switch|p2a: are u happy for me|Garchomp, M|48/100
|move|p1a: Heatran|Magma Storm|p2a: are u happy for me
|-resisted|p2a: are u happy for me
|-damage|p2a: are u happy for me|33/100
|-activate|p2a: are u happy for me|move: Magma Storm|[of] p1a: Heatran
|
|-heal|p2a: are u happy for me|39/100|[from] item: Leftovers
|-heal|p1a: Heatran|67/100|[from] item: Leftovers
|-damage|p2a: are u happy for me|26/100|[from] move: Magma Storm|[partiallytrapped]
|upkeep
|turn|36
|
|t:|1654808417
|move|p2a: are u happy for me|Earthquake|p1a: Heatran
|-supereffective|p1a: Heatran
|-damage|p1a: Heatran|0 fnt
|faint|p1a: Heatran
|
|-heal|p2a: are u happy for me|33/100|[from] item: Leftovers
|-end|p2a: are u happy for me|Magma Storm|[partiallytrapped]|[silent]
|upkeep
|
|t:|1654808423
|switch|p1a: Urshifu|Urshifu-Rapid-Strike, F|48/100
|turn|37
|inactive|confide has 60 seconds left.
|
|t:|1654808440
|switch|p2a: scratch that itch|Melmetal|48/100 par
|move|p1a: Urshifu|Surging Strikes|p2a: scratch that itch
|-crit|p2a: scratch that itch
|-damage|p2a: scratch that itch|36/100 par
|-crit|p2a: scratch that itch
|-damage|p2a: scratch that itch|23/100 par
|-crit|p2a: scratch that itch
|-damage|p2a: scratch that itch|11/100 par
|-hitcount|p2a: scratch that itch|3
|
|upkeep
|turn|38
|inactive|confide has 60 seconds left.
|
|t:|1654808449
|move|p1a: Urshifu|Surging Strikes|p2a: scratch that itch
|-crit|p2a: scratch that itch
|-damage|p2a: scratch that itch|0 fnt
|faint|p2a: scratch that itch
|-hitcount|p2: scratch that itch|1
|
|upkeep
|inactive|confide has 60 seconds left.
|
|t:|1654808466
|switch|p2a: i grieve diferent|Corviknight, F|61/100
|-ability|p2a: i grieve diferent|Pressure
|turn|39
|inactive|PedroGreg has 210 seconds left.
|inactive|PedroGreg has 180 seconds left.
|inactive|confide has 30 seconds left.
|
|t:|1654808519
|move|p1a: Urshifu|Taunt|p2a: i grieve diferent
|-start|p2a: i grieve diferent|move: Taunt
|move|p2a: i grieve diferent|U-turn|p1a: Urshifu
|-resisted|p1a: Urshifu
|-damage|p1a: Urshifu|41/100
|inactive|confide has 30 seconds left.
|
|t:|1654808530
|switch|p2a: shes a killa|Weavile, F|100/100|[from]move: U-turn
|
|upkeep
|turn|40
|inactive|confide has 30 seconds left.
|
|t:|1654808541
|switch|p2a: are u happy for me|Garchomp, M|33/100
|move|p1a: Urshifu|Surging Strikes|p2a: are u happy for me
|-crit|p2a: are u happy for me
|-damage|p2a: are u happy for me|16/100
|-activate|p2a: are u happy for me|ability: Rough Skin
|-activate|p1a: Urshifu|item: Protective Pads
|-crit|p2a: are u happy for me
|-damage|p2a: are u happy for me|0 fnt
|-activate|p2a: are u happy for me|ability: Rough Skin
|-activate|p1a: Urshifu|item: Protective Pads
|faint|p2a: are u happy for me
|-hitcount|p2: are u happy for me|2
|
|upkeep
|inactive|confide has 30 seconds left this turn.
|
|t:|1654808547
|switch|p2a: i grieve diferent|Corviknight, F|61/100
|-ability|p2a: i grieve diferent|Pressure
|turn|41
|inactive|confide has 30 seconds left.
|inactive|PedroGreg has 180 seconds left.
|inactive|PedroGreg has 150 seconds left.
|inactive|PedroGreg has 120 seconds left.
|
|t:|1654808632
|move|p1a: Urshifu|Taunt|p2a: i grieve diferent
|-start|p2a: i grieve diferent|move: Taunt
|move|p2a: i grieve diferent|U-turn|p1a: Urshifu
|-resisted|p1a: Urshifu
|-damage|p1a: Urshifu|34/100
|inactive|confide has 30 seconds left.
|
|t:|1654808638
|switch|p2a: shes a killa|Weavile, F|100/100|[from]move: U-turn
|
|upkeep
|turn|42
|inactive|confide has 30 seconds left.
|inactive|confide has 20 seconds left.
|inactive|PedroGreg has 120 seconds left.
|inactive|confide has 15 seconds left.
|
|t:|1654808677
|move|p2a: shes a killa|Swords Dance|p2a: shes a killa
|-boost|p2a: shes a killa|atk|2
|move|p1a: Urshifu|U-turn|p2a: shes a killa
|-supereffective|p2a: shes a killa
|-crit|p2a: shes a killa
|-damage|p2a: shes a killa|0 fnt
|faint|p2a: shes a killa
|inactive|confide has 20 seconds left this turn.
|
|t:|1654808679
|switch|p1a: Blacephalon|Blacephalon|100/100|[from]move: U-turn
|
|upkeep
|inactive|confide has 25 seconds left this turn.
|c|☆PedroGreg|gg
|c|☆PedroGreg|wp
|inactive|confide has 20 seconds left.
|c|☆confide|.
|inactive|confide has 15 seconds left.
|
|t:|1654808690
|switch|p2a: i grieve diferent|Corviknight, F|61/100
|-ability|p2a: i grieve diferent|Pressure
|turn|43
|inactive|confide has 25 seconds left this turn.
|inactive|confide has 20 seconds left.
|
|t:|1654808696
|move|p1a: Blacephalon|Mind Blown|p2a: i grieve diferent
|-supereffective|p2a: i grieve diferent
|-damage|p2a: i grieve diferent|0 fnt
|-damage|p1a: Blacephalon|50/100|[from] mindblown
|faint|p2a: i grieve diferent
|
|win|PedroGreg
|inactive|confide has 25 seconds left this turn.
