|inactive|Battle timer is ON: inactive players will automatically lose when time's up.
|t:|1648314078
|gametype|singles
|player|p1|storm zone|#wcop2021latinamerica|
|player|p2|Coach Jones 6fifth|lusamine-nihilego|
|teamsize|p1|6
|teamsize|p2|6
|gen|8
|tier|[Gen 8] OU
|rule|Sleep Clause Mod: Limit one foe put to sleep
|rule|Species Clause: Limit one of each Pokémon
|rule|OHKO Clause: OHKO moves are banned
|rule|Evasion Moves Clause: Evasion moves are banned
|rule|Endless Battle Clause: Forcing endless battles is banned
|rule|HP Percentage Mod: HP is shown in percentages
|rule|Dynamax Clause: You cannot dynamax
|clearpoke
|poke|p1|Blacephalon|
|poke|p1|Weavile, M|
|poke|p1|Landorus-Therian, M|
|poke|p1|Ferrothorn, M|
|poke|p1|Rotom-Wash|
|poke|p1|Dragapult, M|
|poke|p2|Melmetal|
|poke|p2|Tangrowth, M|
|poke|p2|Weavile, M|
|poke|p2|Tapu Fini|
|poke|p2|Landorus-Therian, M|
|poke|p2|Heatran, F|
|teampreview
|c|☆Coach Jones 6fifth|Hold up lemme send the link
|inactive|storm zone has 270 seconds left.
|inactive|Coach Jones 6fifth has 270 seconds left.
|c|☆Coach Jones 6fifth|hf 
|inactive|Coach Jones 6fifth has 240 seconds left.
|c|☆storm zone|u2
|inactive|storm zone has 240 seconds left.
|c|+TheSergio235|gl to both
|c|+IPF|whats this for
|c|+TheSergio235|adpl
|c|@Aurella|tbh i thought you two were the same person
|inactive|storm zone has 210 seconds left.
|c|☆storm zone|lool we're not
|c|+TheSergio235|lol
|c|☆Coach Jones 6fifth|Alot of people did
|
|t:|1648314191
|start
|switch|p1a: Enten|Landorus-Therian, M, shiny|100/100
|switch|p2a: Tangrowth|Tangrowth, M|100/100
|-ability|p1a: Enten|Intimidate|boost
|-unboost|p2a: Tangrowth|atk|1
|turn|1
|c|+TheSergio235|that whould mean sz whould have been with Blim on a vid
|inactive|Coach Jones 6fifth has 270 seconds left.
|c|+TheSergio235|that whould be epic ngl
|c|☆storm zone|i did a video with blim tho, we both did
|c|@Aurella|when??
|
|t:|1648314227
|move|p1a: Enten|Toxic|p2a: Tangrowth
|-status|p2a: Tangrowth|tox
|move|p2a: Tangrowth|Knock Off|p1a: Enten
|-damage|p1a: Enten|87/100
|-enditem|p1a: Enten|Leftovers|[from] move: Knock Off|[of] p2a: Tangrowth
|
|-damage|p2a: Tangrowth|94/100 tox|[from] psn
|upkeep
|turn|2
|c|☆storm zone|waay back olt 2021
|c|+TheSergio235|ahh in vc with him??
|c|☆storm zone|yes
|
|t:|1648314241
|move|p1a: Enten|U-turn|p2a: Tangrowth
|-supereffective|p2a: Tangrowth
|-damage|p2a: Tangrowth|63/100 tox
|c|+TheSergio235|ahhh 2021 olt
|
|t:|1648314246
|switch|p1a: Temple|Ferrothorn, M, shiny|100/100|[from]move: U-turn
|move|p2a: Tangrowth|Knock Off|p1a: Temple
|-damage|p1a: Temple|92/100
|-damage|p2a: Tangrowth|51/100 tox|[from] ability: Iron Barbs|[of] p1a: Temple
|-enditem|p1a: Temple|Leftovers|[from] move: Knock Off|[of] p2a: Tangrowth
|
|-damage|p2a: Tangrowth|38/100 tox|[from] psn
|upkeep
|turn|3
|c|+TheSergio235|didnt know him back then
|inactive|storm zone has 270 seconds left.
|
|t:|1648314254
|switch|p2a: Heatran|Heatran, F|100/100
|move|p1a: Temple|Stealth Rock|p2a: Heatran
|-sidestart|p2: Coach Jones 6fifth|move: Stealth Rock
|
|upkeep
|turn|4
|
|t:|1648314264
|switch|p1a: Enten|Landorus-Therian, M, shiny|87/100
|-ability|p1a: Enten|Intimidate|boost
|-unboost|p2a: Heatran|atk|1
|move|p2a: Heatran|Stealth Rock|p1a: Enten
|-sidestart|p1: storm zone|move: Stealth Rock
|
|upkeep
|turn|5
|
|t:|1648314271
|switch|p2a: Landorus|Landorus-Therian, M|100/100
|-damage|p2a: Landorus|88/100|[from] Stealth Rock
|-ability|p2a: Landorus|Intimidate|boost
|-unboost|p1a: Enten|atk|1
|move|p1a: Enten|U-turn|p2a: Landorus
|-resisted|p2a: Landorus
|-damage|p2a: Landorus|80/100
|
|t:|1648314275
|switch|p1a: Bandit|Weavile, M, shiny|100/100|[from]move: U-turn
|-damage|p1a: Bandit|76/100|[from] Stealth Rock
|-ability|p1a: Bandit|Pressure
|
|upkeep
|turn|6
|inactive|Coach Jones 6fifth has 270 seconds left.
|inactive|storm zone has 270 seconds left.
|inactive|Coach Jones 6fifth has 240 seconds left.
|
|t:|1648314326
|move|p2a: Landorus|U-turn|p1a: Bandit
|-supereffective|p1a: Bandit
|-crit|p1a: Bandit
|-damage|p1a: Bandit|0 fnt
|faint|p1a: Bandit
|inactive|Coach Jones 6fifth has 240 seconds left.
|
|t:|1648314336
|switch|p2a: Tangrowth|Tangrowth, M|71/100 tox|[from]move: U-turn
|-damage|p2a: Tangrowth|59/100 tox|[from] Stealth Rock
|
|-damage|p2a: Tangrowth|53/100 tox|[from] psn
|upkeep
|
|t:|1648314342
|switch|p1a: Enten|Landorus-Therian, M, shiny|87/100
|-damage|p1a: Enten|75/100|[from] Stealth Rock
|-ability|p1a: Enten|Intimidate|boost
|-unboost|p2a: Tangrowth|atk|1
|turn|7
|
|t:|1648314349
|switch|p2a: Landorus|Landorus-Therian, M|80/100
|-damage|p2a: Landorus|68/100|[from] Stealth Rock
|-ability|p2a: Landorus|Intimidate|boost
|-unboost|p1a: Enten|atk|1
|move|p1a: Enten|U-turn|p2a: Landorus
|-resisted|p2a: Landorus
|-damage|p2a: Landorus|60/100
|
|t:|1648314355
|switch|p1a: Temple|Ferrothorn, M, shiny|92/100|[from]move: U-turn
|-damage|p1a: Temple|86/100|[from] Stealth Rock
|
|upkeep
|turn|8
|
|t:|1648314361
|move|p2a: Landorus|Earthquake|p1a: Temple
|-damage|p1a: Temple|53/100
|move|p1a: Temple|Body Press|p2a: Landorus
|-resisted|p2a: Landorus
|-damage|p2a: Landorus|41/100
|
|upkeep
|turn|9
|
|t:|1648314367
|switch|p2a: Tangrowth|Tangrowth, M|86/100 tox
|-damage|p2a: Tangrowth|74/100 tox|[from] Stealth Rock
|move|p1a: Temple|Body Press|p2a: Tangrowth
|-damage|p2a: Tangrowth|54/100 tox
|
|-damage|p2a: Tangrowth|48/100 tox|[from] psn
|upkeep
|turn|10
|
|t:|1648314371
|switch|p2a: Landorus|Landorus-Therian, M|41/100
|-damage|p2a: Landorus|29/100|[from] Stealth Rock
|-ability|p2a: Landorus|Intimidate|boost
|-unboost|p1a: Temple|atk|1
|switch|p1a: Enten|Landorus-Therian, M, shiny|75/100
|-damage|p1a: Enten|62/100|[from] Stealth Rock
|-ability|p1a: Enten|Intimidate|boost
|-unboost|p2a: Landorus|atk|1
|
|upkeep
|turn|11
|
|t:|1648314378
|move|p2a: Landorus|Explosion|p1a: Enten
|-damage|p1a: Enten|4/100
|faint|p2a: Landorus
|move|p1a: Enten|U-turn|p2: Landorus|[notarget]
|-fail|p1a: Enten
|
|upkeep
|
|t:|1648314387
|switch|p2a: Weavile|Weavile, M|100/100
|-damage|p2a: Weavile|76/100|[from] Stealth Rock
|-ability|p2a: Weavile|Pressure
|turn|12
|
|t:|1648314394
|switch|p1a: Temple|Ferrothorn, M, shiny|53/100
|-damage|p1a: Temple|47/100|[from] Stealth Rock
|move|p2a: Weavile|Knock Off|p1a: Temple
|-damage|p1a: Temple|19/100
|-damage|p2a: Weavile|63/100|[from] ability: Iron Barbs|[of] p1a: Temple
|
|upkeep
|turn|13
|
|t:|1648314399
|move|p2a: Weavile|Knock Off|p1a: Temple
|-damage|p1a: Temple|0 fnt
|-damage|p2a: Weavile|51/100|[from] ability: Iron Barbs|[of] p1a: Temple
|faint|p1a: Temple
|
|upkeep
|
|t:|1648314422
|switch|p1a: Phantom|Rotom-Wash, shiny|100/100
|-damage|p1a: Phantom|88/100|[from] Stealth Rock
|turn|14
|
|t:|1648314436
|move|p2a: Weavile|Knock Off|p1a: Phantom
|-damage|p1a: Phantom|32/100
|-damage|p2a: Weavile|34/100|[from] item: Rocky Helmet|[of] p1a: Phantom
|-enditem|p1a: Phantom|Rocky Helmet|[from] move: Knock Off|[of] p2a: Weavile
|move|p1a: Phantom|Volt Switch|p2a: Weavile
|-damage|p2a: Weavile|0 fnt
|faint|p2a: Weavile
|
|t:|1648314439
|switch|p1a: Leviathan|Dragapult, M, shiny|100/100|[from]move: Volt Switch
|-damage|p1a: Leviathan|88/100|[from] Stealth Rock
|
|upkeep
|
|t:|1648314443
|switch|p2a: Tapu Fini|Tapu Fini|100/100
|-damage|p2a: Tapu Fini|88/100|[from] Stealth Rock
|-fieldstart|move: Misty Terrain|[from] ability: Misty Surge|[of] p2a: Tapu Fini
|turn|15
|
|t:|1648314447
|switch|p1a: Enten|Landorus-Therian, M, shiny|4/100
|-damage|p1a: Enten|0 fnt|[from] Stealth Rock
|faint|p1a: Enten
|move|p2a: Tapu Fini|Moonblast|p1: Enten|[notarget]
|-fail|p2a: Tapu Fini
|
|-heal|p2a: Tapu Fini|94/100|[from] item: Leftovers
|upkeep
|
|t:|1648314459
|switch|p1a: Hyperspace|Blacephalon, shiny|100/100
|-damage|p1a: Hyperspace|76/100|[from] Stealth Rock
|turn|16
|
|t:|1648314477
|move|p1a: Hyperspace|Shadow Ball|p2a: Tapu Fini
|-damage|p2a: Tapu Fini|57/100
|-unboost|p2a: Tapu Fini|spd|1
|move|p2a: Tapu Fini|Surf|p1a: Hyperspace
|-supereffective|p1a: Hyperspace
|-damage|p1a: Hyperspace|0 fnt
|faint|p1a: Hyperspace
|
|-heal|p2a: Tapu Fini|63/100|[from] item: Leftovers
|upkeep
|
|t:|1648314481
|switch|p1a: Leviathan|Dragapult, M, shiny|88/100
|-damage|p1a: Leviathan|76/100|[from] Stealth Rock
|turn|17
|inactive|Coach Jones 6fifth has 270 seconds left.
|
|t:|1648314521
|switch|p2a: Heatran|Heatran, F|100/100
|-damage|p2a: Heatran|88/100|[from] Stealth Rock
|move|p1a: Leviathan|Shadow Ball|p2a: Heatran
|-damage|p2a: Heatran|50/100
|
|-heal|p2a: Heatran|57/100|[from] item: Leftovers
|upkeep
|turn|18
|
|t:|1648314526
|move|p1a: Leviathan|Shadow Ball|p2a: Heatran
|-damage|p2a: Heatran|19/100
|move|p2a: Heatran|Earth Power|p1a: Leviathan
|-damage|p1a: Leviathan|44/100
|
|-heal|p2a: Heatran|26/100|[from] item: Leftovers
|upkeep
|turn|19
|
|t:|1648314532
|move|p1a: Leviathan|Shadow Ball|p2a: Heatran
|-damage|p2a: Heatran|0 fnt
|faint|p2a: Heatran
|
|-fieldend|Misty Terrain
|upkeep
|
|t:|1648314540
|switch|p2a: Melmetal|Melmetal|100/100
|-damage|p2a: Melmetal|94/100|[from] Stealth Rock
|turn|20
|
|t:|1648314545
|switch|p1a: Phantom|Rotom-Wash, shiny|32/100
|-damage|p1a: Phantom|19/100|[from] Stealth Rock
|move|p2a: Melmetal|Double Iron Bash|p1a: Phantom
|-resisted|p1a: Phantom
|-damage|p1a: Phantom|6/100
|-resisted|p1a: Phantom
|-damage|p1a: Phantom|0 fnt
|faint|p1a: Phantom
|-hitcount|p1: Phantom|2
|
|upkeep
|
|t:|1648314547
|switch|p1a: Leviathan|Dragapult, M, shiny|44/100
|-damage|p1a: Leviathan|31/100|[from] Stealth Rock
|turn|21
|
|t:|1648314549
|move|p1a: Leviathan|Flamethrower|p2a: Melmetal
|-supereffective|p2a: Melmetal
|-damage|p2a: Melmetal|12/100
|-status|p2a: Melmetal|brn
|move|p2a: Melmetal|Double Iron Bash|p1a: Leviathan
|-crit|p1a: Leviathan
|-damage|p1a: Leviathan|0 fnt
|faint|p1a: Leviathan
|-hitcount|p1: Leviathan|1
|
|win|Coach Jones 6fifth
|c|☆storm zone|gg
|c|☆Coach Jones 6fifth|gg
