|inactive|Battle timer is ON: inactive players will automatically lose when time's up.
|player|p1|Kebab mlml|volkner|
|player|p2|Redemption|aromalady|
|teamsize|p1|6
|teamsize|p2|6
|gametype|singles
|gen|8
|tier|[Gen 8] OU
|clearpoke
|poke|p1|Clefable, M|
|poke|p1|Excadrill, F|
|poke|p1|Urshifu-*, M|
|poke|p1|Magearna|
|poke|p1|Mandibuzz, F|
|poke|p1|Rillaboom, M|
|poke|p2|Hippowdon, F|
|poke|p2|Pelipper, F|
|poke|p2|Gengar, F|
|poke|p2|Volcarona, M|
|poke|p2|Ferrothorn, F|
|poke|p2|Hydreigon, M|
|rule|Sleep Clause Mod: Limit one foe put to sleep
|rule|Species Clause: Limit one of each Pokémon
|rule|OHKO Clause: OHKO moves are banned
|rule|Evasion Moves Clause: Evasion moves are banned
|rule|Endless Battle Clause: Forcing endless battles is banned
|rule|HP Percentage Mod: HP is shown in percentages
|rule|Dynamax Clause: You cannot dynamax
|teampreview
|c|☆Redemption|hf
|c|☆Kebab mlml|hf
|inactive|Kebab mlml has 270 seconds left.
|inactive|Redemption has 270 seconds left.
|c|+H.M.N.I.P|Mio fratello Kebab ti punta addosso il pezzo se dici cazzate
|inactive|Kebab mlml has 240 seconds left.
|c|+LUCK>SKILL|er fero è freddo
|c|+pokefrench2.0|allez red
|raw|<div class="broadcast-red"><strong>Moderated chat was set to ☆!</strong><br />Only users of rank ☆ and higher can talk.</div>
|
|start
|switch|p1a: ANELLO + CARO|Magearna|100/100
|switch|p2a: Haricot|Hippowdon, F|100/100
|-weather|Sandstorm|[from] ability: Sand Stream|[of] p2a: Haricot
|turn|1
|inactive|Kebab mlml has 270 seconds left.
|
|switch|p1a: ROLEX DORADO|Clefable, M|100/100
|switch|p2a: Dinde|Ferrothorn, F|100/100
|
|-weather|Sandstorm|[upkeep]
|upkeep
|turn|2
|inactive|Kebab mlml has 270 seconds left.
|
|move|p1a: ROLEX DORADO|Stealth Rock|p2a: Dinde
|-sidestart|p2: Redemption|move: Stealth Rock
|move|p2a: Dinde|Spikes|p1a: ROLEX DORADO
|-sidestart|p1: Kebab mlml|Spikes
|
|-weather|Sandstorm|[upkeep]
|upkeep
|turn|3
|
|move|p1a: ROLEX DORADO|Trick|p2a: Dinde
|-activate|p1a: ROLEX DORADO|move: Trick|[of] p2a: Dinde
|-item|p2a: Dinde|Sticky Barb|[from] move: Trick
|-item|p1a: ROLEX DORADO|Leftovers|[from] move: Trick
|move|p2a: Dinde|Knock Off|p1a: ROLEX DORADO
|-resisted|p1a: ROLEX DORADO
|-damage|p1a: ROLEX DORADO|93/100
|-enditem|p1a: ROLEX DORADO|Leftovers|[from] move: Knock Off|[of] p2a: Dinde
|
|-weather|Sandstorm|[upkeep]
|-damage|p2a: Dinde|88/100|[from] item: Sticky Barb
|upkeep
|turn|4
|
|switch|p2a: Haricot|Hippowdon, F|100/100
|-damage|p2a: Haricot|94/100|[from] Stealth Rock
|move|p1a: ROLEX DORADO|Moonblast|p2a: Haricot
|-damage|p2a: Haricot|60/100
|
|-weather|Sandstorm|[upkeep]
|upkeep
|turn|5
|
|move|p1a: ROLEX DORADO|Trick|p2a: Haricot
|-activate|p1a: ROLEX DORADO|move: Trick|[of] p2a: Haricot
|-enditem|p2a: Haricot|Rocky Helmet|[silent]|[from] move: Trick
|-item|p1a: ROLEX DORADO|Rocky Helmet|[from] move: Trick
|move|p2a: Haricot|Stealth Rock|p1a: ROLEX DORADO
|-sidestart|p1: Kebab mlml|move: Stealth Rock
|
|-weather|none
|upkeep
|turn|6
|
|move|p1a: ROLEX DORADO|Moonblast|p2a: Haricot
|-damage|p2a: Haricot|28/100
|move|p2a: Haricot|Slack Off|p2a: Haricot
|-heal|p2a: Haricot|78/100
|
|upkeep
|turn|7
|
|move|p1a: ROLEX DORADO|Moonblast|p2a: Haricot
|-damage|p2a: Haricot|47/100
|-unboost|p2a: Haricot|spa|1
|move|p2a: Haricot|Slack Off|p2a: Haricot
|-heal|p2a: Haricot|97/100
|
|upkeep
|turn|8
|inactive|Redemption has 270 seconds left.
|
|move|p1a: ROLEX DORADO|Moonblast|p2a: Haricot
|-crit|p2a: Haricot
|-damage|p2a: Haricot|43/100
|-unboost|p2a: Haricot|spa|1
|move|p2a: Haricot|Earthquake|p1a: ROLEX DORADO
|-damage|p1a: ROLEX DORADO|65/100
|
|upkeep
|turn|9
|inactive|Redemption has 270 seconds left.
|
|move|p1a: ROLEX DORADO|Soft-Boiled|p1a: ROLEX DORADO
|-heal|p1a: ROLEX DORADO|100/100
|move|p2a: Haricot|Slack Off|p2a: Haricot
|-heal|p2a: Haricot|93/100
|
|upkeep
|turn|10
|inactive|Redemption has 270 seconds left.
|
|move|p1a: ROLEX DORADO|Moonblast|p2a: Haricot
|-damage|p2a: Haricot|59/100
|move|p2a: Haricot|Earthquake|p1a: ROLEX DORADO
|-damage|p1a: ROLEX DORADO|71/100
|
|upkeep
|turn|11
|
|move|p1a: ROLEX DORADO|Moonblast|p2a: Haricot
|-damage|p2a: Haricot|26/100
|move|p2a: Haricot|Slack Off|p2a: Haricot
|-heal|p2a: Haricot|76/100
|
|upkeep
|turn|12
|
|move|p1a: ROLEX DORADO|Moonblast|p2a: Haricot
|-damage|p2a: Haricot|45/100
|-unboost|p2a: Haricot|spa|1
|move|p2a: Haricot|Slack Off|p2a: Haricot
|-heal|p2a: Haricot|95/100
|
|upkeep
|turn|13
|
|switch|p2a: Concombre|Volcarona, M|100/100
|move|p1a: ROLEX DORADO|Moonblast|p2a: Concombre
|-resisted|p2a: Concombre
|-damage|p2a: Concombre|86/100
|
|upkeep
|turn|14
|inactive|Kebab mlml has 270 seconds left.
|inactive|Kebab mlml has 240 seconds left.
|
|switch|p1a: URSHIFU SHUN HA|Urshifu-Rapid-Strike, M|100/100
|-damage|p1a: URSHIFU SHUN HA|88/100|[from] Spikes
|-damage|p1a: URSHIFU SHUN HA|82/100|[from] Stealth Rock
|move|p2a: Concombre|Quiver Dance|p2a: Concombre
|-boost|p2a: Concombre|spa|1
|-boost|p2a: Concombre|spd|1
|-boost|p2a: Concombre|spe|1
|
|upkeep
|turn|15
|inactive|Kebab mlml has 210 seconds left.
|inactive|Kebab mlml has 180 seconds left.
|
|switch|p2a: Dinde|Ferrothorn, F|88/100
|-damage|p2a: Dinde|82/100|[from] Stealth Rock
|move|p1a: URSHIFU SHUN HA|Close Combat|p2a: Dinde
|-supereffective|p2a: Dinde
|-damage|p2a: Dinde|0 fnt
|-unboost|p1a: URSHIFU SHUN HA|def|1
|-unboost|p1a: URSHIFU SHUN HA|spd|1
|-damage|p1a: URSHIFU SHUN HA|70/100|[from] ability: Iron Barbs|[of] p2a: Dinde
|faint|p2a: Dinde
|
|upkeep
|
|switch|p2a: Vermicelle|Gengar, F|100/100
|-damage|p2a: Vermicelle|88/100|[from] Stealth Rock
|turn|16
|
|switch|p1a: EL DORADO|Mandibuzz, F|100/100
|move|p2a: Vermicelle|Nasty Plot|p2a: Vermicelle
|-boost|p2a: Vermicelle|spa|2
|
|upkeep
|turn|17
|
|move|p2a: Vermicelle|Thunderbolt|p1a: EL DORADO
|-supereffective|p1a: EL DORADO
|-damage|p1a: EL DORADO|0 fnt
|faint|p1a: EL DORADO
|
|upkeep
|
|switch|p1a: HASTA LUEGO|Excadrill, F|100/100
|-damage|p1a: HASTA LUEGO|88/100|[from] Spikes
|-damage|p1a: HASTA LUEGO|85/100|[from] Stealth Rock
|-ability|p1a: HASTA LUEGO|Mold Breaker
|turn|18
|inactive|Redemption has 270 seconds left.
|inactive|Redemption has 240 seconds left.
|
|switch|p2a: Courgette|Pelipper, F|100/100
|-damage|p2a: Courgette|76/100|[from] Stealth Rock
|-weather|RainDance|[from] ability: Drizzle|[of] p2a: Courgette
|move|p1a: HASTA LUEGO|High Horsepower|p2a: Courgette
|-immune|p2a: Courgette
|
|-weather|RainDance|[upkeep]
|-heal|p1a: HASTA LUEGO|91/100|[from] item: Leftovers
|upkeep
|turn|19
|
|move|p1a: HASTA LUEGO|Rapid Spin|p2a: Courgette
|-damage|p2a: Courgette|53/100
|-boost|p1a: HASTA LUEGO|spe|1
|-sideend|p1: Kebab mlml|Spikes|[from] move: Rapid Spin|[of] p1a: HASTA LUEGO
|-sideend|p1: Kebab mlml|Stealth Rock|[from] move: Rapid Spin|[of] p1a: HASTA LUEGO
|move|p2a: Courgette|Weather Ball|p1a: HASTA LUEGO
|-supereffective|p1a: HASTA LUEGO
|-damage|p1a: HASTA LUEGO|0 fnt
|faint|p1a: HASTA LUEGO
|
|-weather|RainDance|[upkeep]
|upkeep
|
|switch|p1a: URSHIFU SHUN HA|Urshifu-Rapid-Strike, M|70/100
|turn|20
|inactive|Redemption has 210 seconds left.
|inactive|Redemption has 180 seconds left.
|inactive|Redemption has 150 seconds left.
|inactive|Redemption has 120 seconds left.
|inactive|Redemption has 90 seconds left.
|inactive|Redemption has 60 seconds left.
|
|switch|p2a: Haricot|Hippowdon, F|95/100
|-damage|p2a: Haricot|89/100|[from] Stealth Rock
|-weather|Sandstorm|[from] ability: Sand Stream|[of] p2a: Haricot
|move|p1a: URSHIFU SHUN HA|Surging Strikes|p2a: Haricot
|-supereffective|p2a: Haricot
|-crit|p2a: Haricot
|-damage|p2a: Haricot|56/100
|-supereffective|p2a: Haricot
|-crit|p2a: Haricot
|-damage|p2a: Haricot|26/100
|-supereffective|p2a: Haricot
|-crit|p2a: Haricot
|-damage|p2a: Haricot|0 fnt
|-hitcount|p2a: Haricot|3
|faint|p2a: Haricot
|
|-weather|Sandstorm|[upkeep]
|-damage|p1a: URSHIFU SHUN HA|64/100|[from] Sandstorm
|upkeep
|
|switch|p2a: Polenta|Hydreigon, M|100/100
|-damage|p2a: Polenta|88/100|[from] Stealth Rock
|turn|21
|
|switch|p1a: ROLEX DORADO|Clefable, M|71/100
|move|p2a: Polenta|U-turn|p1a: ROLEX DORADO
|-resisted|p1a: ROLEX DORADO
|-damage|p1a: ROLEX DORADO|64/100
|-damage|p2a: Polenta|72/100|[from] item: Rocky Helmet|[of] p1a: ROLEX DORADO
|
|switch|p2a: Courgette|Pelipper, F|53/100|[from]move: U-turn
|-damage|p2a: Courgette|28/100|[from] Stealth Rock
|-weather|RainDance|[from] ability: Drizzle|[of] p2a: Courgette
|
|-weather|RainDance|[upkeep]
|upkeep
|turn|22
|inactive|Kebab mlml has 210 seconds left.
|inactive|Redemption has 30 seconds left.
|inactive|Redemption has 20 seconds left.
|
|switch|p1a: FERRARI DORADO|Rillaboom, M|100/100
|-fieldstart|move: Grassy Terrain|[from] ability: Grassy Surge|[of] p1a: FERRARI DORADO
|move|p2a: Courgette|Weather Ball|p1a: FERRARI DORADO
|-resisted|p1a: FERRARI DORADO
|-damage|p1a: FERRARI DORADO|27/100
|
|-weather|RainDance|[upkeep]
|-heal|p1a: FERRARI DORADO|34/100|[from] Grassy Terrain
|upkeep
|turn|23
|inactive|Redemption has 30 seconds left this turn.
|
|switch|p2a: Concombre|Volcarona, M|86/100
|move|p1a: FERRARI DORADO|Knock Off|p2a: Concombre
|-crit|p2a: Concombre
|-damage|p2a: Concombre|28/100
|-enditem|p2a: Concombre|Heavy-Duty Boots|[from] move: Knock Off|[of] p1a: FERRARI DORADO
|-damage|p1a: FERRARI DORADO|24/100|[from] item: Life Orb
|
|-weather|RainDance|[upkeep]
|-heal|p1a: FERRARI DORADO|30/100|[from] Grassy Terrain
|-heal|p2a: Concombre|34/100|[from] Grassy Terrain
|upkeep
|turn|24
|inactive|Redemption has 30 seconds left.
|inactive|Kebab mlml has 180 seconds left.
|
|switch|p1a: URSHIFU SHUN HA|Urshifu-Rapid-Strike, M|64/100
|move|p2a: Concombre|Fiery Dance|p1a: URSHIFU SHUN HA
|-resisted|p1a: URSHIFU SHUN HA
|-damage|p1a: URSHIFU SHUN HA|49/100
|-boost|p2a: Concombre|spa|1
|
|-weather|RainDance|[upkeep]
|-heal|p1a: URSHIFU SHUN HA|56/100|[from] Grassy Terrain
|-heal|p2a: Concombre|40/100|[from] Grassy Terrain
|upkeep
|turn|25
|inactive|Redemption has 30 seconds left.
|inactive|Redemption has 20 seconds left.
|inactive|Kebab mlml has 180 seconds left.
|inactive|Redemption has 15 seconds left.
|inactive|Kebab mlml has 150 seconds left.
|
|move|p1a: URSHIFU SHUN HA|Surging Strikes|p2a: Concombre
|-supereffective|p2a: Concombre
|-crit|p2a: Concombre
|-damage|p2a: Concombre|0 fnt
|-status|p1a: URSHIFU SHUN HA|brn|[from] ability: Flame Body|[of] p2a: Concombre
|-hitcount|p2a: Concombre|1
|faint|p2a: Concombre
|
|-weather|none
|-heal|p1a: URSHIFU SHUN HA|62/100 brn|[from] Grassy Terrain
|-damage|p1a: URSHIFU SHUN HA|56/100 brn|[from] brn
|upkeep
|inactive|Redemption has 20 seconds left this turn.
|inactive|Redemption has 15 seconds left.
|inactive|Redemption has 10 seconds left.
|
|switch|p2a: Vermicelle|Gengar, F|88/100
|-damage|p2a: Vermicelle|76/100|[from] Stealth Rock
|turn|26
|inactive|Redemption has 20 seconds left this turn.
|inactive|Kebab mlml has 150 seconds left.
|inactive|Redemption has 15 seconds left.
|
|switch|p1a: ANELLO + CARO|Magearna|100/100
|move|p2a: Vermicelle|Shadow Ball|p1a: ANELLO + CARO
|-damage|p1a: ANELLO + CARO|58/100
|
|-heal|p2a: Vermicelle|82/100|[from] Grassy Terrain
|-heal|p1a: ANELLO + CARO|64/100|[from] item: Leftovers
|-heal|p1a: ANELLO + CARO|71/100|[from] Grassy Terrain
|-fieldend|move: Grassy Terrain
|upkeep
|turn|27
|inactive|Redemption has 25 seconds left this turn.
|inactive|Redemption has 20 seconds left.
|inactive|Redemption has 15 seconds left.
|inactive|Redemption has 10 seconds left.
|inactive|Redemption has 5 seconds left.
|
|move|p2a: Vermicelle|Shadow Ball|p1a: ANELLO + CARO
|-damage|p1a: ANELLO + CARO|30/100
|move|p1a: ANELLO + CARO|Thunderbolt|p2a: Vermicelle
|-damage|p2a: Vermicelle|25/100
|-start|p1a: ANELLO + CARO|Disable|Thunderbolt|[from] ability: Cursed Body|[of] p2a: Vermicelle
|
|-heal|p1a: ANELLO + CARO|37/100|[from] item: Leftovers
|upkeep
|turn|28
|inactive|Redemption has 15 seconds left this turn.
|inactive|Redemption has 10 seconds left.
|
|move|p2a: Vermicelle|Shadow Ball|p1a: ANELLO + CARO
|-damage|p1a: ANELLO + CARO|0 fnt
|faint|p1a: ANELLO + CARO
|
|upkeep
|inactive|Redemption has 15 seconds left this turn.
|inactive|Kebab mlml has 150 seconds left.
|
|switch|p1a: FERRARI DORADO|Rillaboom, M|30/100
|-fieldstart|move: Grassy Terrain|[from] ability: Grassy Surge|[of] p1a: FERRARI DORADO
|turn|29
|inactive|Redemption has 25 seconds left this turn.
|inactive|Redemption has 20 seconds left.
|inactive|Redemption has 15 seconds left.
|
|switch|p2a: Polenta|Hydreigon, M|72/100
|-damage|p2a: Polenta|59/100|[from] Stealth Rock
|move|p1a: FERRARI DORADO|Grassy Glide|p2a: Polenta
|-resisted|p2a: Polenta
|-damage|p2a: Polenta|20/100
|-damage|p1a: FERRARI DORADO|20/100|[from] item: Life Orb
|
|-heal|p1a: FERRARI DORADO|26/100|[from] Grassy Terrain
|upkeep
|turn|30
|inactive|Redemption has 25 seconds left this turn.
|inactive|Redemption has 20 seconds left.
|
|move|p1a: FERRARI DORADO|Grassy Glide|p2a: Polenta
|-resisted|p2a: Polenta
|-damage|p2a: Polenta|0 fnt
|-damage|p1a: FERRARI DORADO|16/100|[from] item: Life Orb
|faint|p2a: Polenta
|
|-heal|p1a: FERRARI DORADO|22/100|[from] Grassy Terrain
|upkeep
|inactive|Redemption has 25 seconds left this turn.
|c|☆Redemption|gg
|c|☆Kebab mlml|gg
|inactive|Redemption has 20 seconds left.
|c|☆Redemption|and gl for next
|
|switch|p2a: Vermicelle|Gengar, F|25/100
|-damage|p2a: Vermicelle|13/100|[from] Stealth Rock
|turn|31
|inactive|Redemption has 30 seconds left this turn.
|c|☆Kebab mlml|thx
|
|move|p1a: FERRARI DORADO|Grassy Glide|p2a: Vermicelle
|-resisted|p2a: Vermicelle
|-damage|p2a: Vermicelle|0 fnt
|-damage|p1a: FERRARI DORADO|12/100|[from] item: Life Orb
|faint|p2a: Vermicelle
|
|-heal|p1a: FERRARI DORADO|18/100|[from] Grassy Terrain
|upkeep
|
|switch|p2a: Courgette|Pelipper, F|28/100
|-damage|p2a: Courgette|3/100|[from] Stealth Rock
|-weather|RainDance|[from] ability: Drizzle|[of] p2a: Courgette
|turn|32
|
|move|p1a: FERRARI DORADO|Grassy Glide|p2a: Courgette
|-damage|p2a: Courgette|0 fnt
|-damage|p1a: FERRARI DORADO|8/100|[from] item: Life Orb
|faint|p2a: Courgette
|
|win|Kebab mlml
