|inactive|Battle timer is ON: inactive players will automatically lose when time's up.
|t:|1665234417
|gametype|singles
|player|p1|Sagiri I.|#scl1machines|
|player|p2|Adel19|265|
|teamsize|p1|6
|teamsize|p2|6
|gen|8
|tier|[Gen 8] OU
|rule|Sleep Clause Mod: Limit one foe put to sleep
|rule|Species Clause: Limit one of each Pokémon
|rule|OHKO Clause: OHKO moves are banned
|rule|Evasion Items Clause: Evasion items are banned
|rule|Evasion Moves Clause: Evasion moves are banned
|rule|Endless Battle Clause: Forcing endless battles is banned
|rule|HP Percentage Mod: HP is shown in percentages
|rule|Dynamax Clause: You cannot dynamax
|clearpoke
|poke|p1|Dragapult, M|
|poke|p1|Urshifu-*, F|
|poke|p1|Tapu Lele|
|poke|p1|Landorus-Therian, M|
|poke|p1|Zapdos|
|poke|p1|Melmetal|
|poke|p2|Landorus-Therian, M|
|poke|p2|Zapdos|
|poke|p2|Zeraora|
|poke|p2|Blissey, F|
|poke|p2|Tapu Fini|
|poke|p2|Hydreigon, M|
|teampreview
|inactive|Sagiri I. has 270 seconds left.
|
|t:|1665234470
|start
|switch|p1a: Urshifu|Urshifu-Rapid-Strike, F|100/100
|switch|p2a: Hydreigon|Hydreigon, M|100/100
|turn|1
|
|t:|1665234490
|switch|p2a: Zapdos|Zapdos|100/100
|switch|p1a: Zapdos|Zapdos|100/100
|
|upkeep
|turn|2
|
|t:|1665234496
|switch|p2a: Blissey|Blissey, F|100/100
|move|p1a: Zapdos|Volt Switch|p2a: Blissey
|-damage|p2a: Blissey|87/100
|
|t:|1665234498
|switch|p1a: Landorus|Landorus-Therian, M|100/100|[from]move: Volt Switch
|-ability|p1a: Landorus|Intimidate|boost
|-unboost|p2a: Blissey|atk|1
|
|upkeep
|turn|3
|
|t:|1665234503
|move|p1a: Landorus|Stealth Rock|p2a: Blissey
|-sidestart|p2: Adel19|move: Stealth Rock
|move|p2a: Blissey|Stealth Rock|p1a: Landorus
|-sidestart|p1: Sagiri I.|move: Stealth Rock
|
|upkeep
|turn|4
|
|t:|1665234507
|move|p1a: Landorus|Knock Off|p2a: Blissey
|-damage|p2a: Blissey|59/100
|-enditem|p2a: Blissey|Heavy-Duty Boots|[from] move: Knock Off|[of] p1a: Landorus
|move|p2a: Blissey|Seismic Toss|p1a: Landorus
|-damage|p1a: Landorus|74/100
|
|-heal|p1a: Landorus|80/100|[from] item: Leftovers
|upkeep
|turn|5
|
|t:|1665234515
|move|p1a: Landorus|Earthquake|p2a: Blissey
|-damage|p2a: Blissey|15/100
|move|p2a: Blissey|Seismic Toss|p1a: Landorus
|-damage|p1a: Landorus|54/100
|
|-heal|p1a: Landorus|60/100|[from] item: Leftovers
|upkeep
|turn|6
|
|t:|1665234519
|move|p1a: Landorus|U-turn|p2a: Blissey
|-damage|p2a: Blissey|0 fnt
|faint|p2a: Blissey
|
|t:|1665234533
|switch|p1a: Melmetal|Melmetal|100/100|[from]move: U-turn
|-damage|p1a: Melmetal|94/100|[from] Stealth Rock
|
|-heal|p1a: Melmetal|100/100|[from] item: Leftovers
|upkeep
|
|t:|1665234538
|switch|p2a: Landorus|Landorus-Therian, M|100/100
|-damage|p2a: Landorus|88/100|[from] Stealth Rock
|-ability|p2a: Landorus|Intimidate|boost
|-unboost|p1a: Melmetal|atk|1
|turn|7
|
|t:|1665234546
|move|p2a: Landorus|Substitute|p2a: Landorus
|-start|p2a: Landorus|Substitute
|-damage|p2a: Landorus|64/100
|move|p1a: Melmetal|Toxic||[still]
|-fail|p1a: Melmetal
|
|upkeep
|turn|8
|
|t:|1665234557
|move|p2a: Landorus|Stone Edge|p1a: Melmetal
|-resisted|p1a: Melmetal
|-damage|p1a: Melmetal|89/100
|move|p1a: Melmetal|Double Iron Bash|p2a: Landorus
|-end|p2a: Landorus|Substitute
|-damage|p2a: Landorus|30/100
|-hitcount|p2a: Landorus|2
|
|-heal|p1a: Melmetal|95/100|[from] item: Leftovers
|upkeep
|turn|9
|
|t:|1665234564
|switch|p1a: Zapdos|Zapdos|100/100
|move|p2a: Landorus|Earthquake|p1a: Zapdos
|-immune|p1a: Zapdos
|
|upkeep
|turn|10
|
|t:|1665234569
|move|p1a: Zapdos|Heat Wave|p2a: Landorus
|-damage|p2a: Landorus|0 fnt
|faint|p2a: Landorus
|
|upkeep
|
|t:|1665234571
|switch|p2a: Hydreigon|Hydreigon, M|100/100
|-damage|p2a: Hydreigon|88/100|[from] Stealth Rock
|turn|11
|
|t:|1665234574
|move|p1a: Zapdos|Hurricane|p2a: Hydreigon
|-damage|p2a: Hydreigon|29/100
|move|p2a: Hydreigon|Draco Meteor|p1a: Zapdos
|-damage|p1a: Zapdos|0 fnt
|-unboost|p2a: Hydreigon|spa|2
|faint|p1a: Zapdos
|
|upkeep
|
|t:|1665234578
|switch|p1a: Dragapult|Dragapult, M|100/100
|-damage|p1a: Dragapult|88/100|[from] Stealth Rock
|turn|12
|
|t:|1665234581
|switch|p2a: Tapu Fini|Tapu Fini|100/100
|-damage|p2a: Tapu Fini|88/100|[from] Stealth Rock
|-fieldstart|move: Misty Terrain|[from] ability: Misty Surge|[of] p2a: Tapu Fini
|move|p1a: Dragapult|U-turn|p2a: Tapu Fini
|-resisted|p2a: Tapu Fini
|-damage|p2a: Tapu Fini|82/100
|
|t:|1665234584
|switch|p1a: Melmetal|Melmetal|95/100|[from]move: U-turn
|-damage|p1a: Melmetal|89/100|[from] Stealth Rock
|
|-heal|p2a: Tapu Fini|88/100|[from] item: Leftovers
|-heal|p1a: Melmetal|95/100|[from] item: Leftovers
|upkeep
|turn|13
|
|t:|1665234587
|switch|p2a: Zapdos|Zapdos|100/100
|move|p1a: Melmetal|Double Iron Bash|p2a: Zapdos
|-resisted|p2a: Zapdos
|-damage|p2a: Zapdos|86/100
|-resisted|p2a: Zapdos
|-damage|p2a: Zapdos|71/100
|-hitcount|p2a: Zapdos|2
|
|-heal|p1a: Melmetal|100/100|[from] item: Leftovers
|upkeep
|turn|14
|
|t:|1665234593
|move|p2a: Zapdos|Hurricane|p1a: Melmetal
|-resisted|p1a: Melmetal
|-damage|p1a: Melmetal|82/100
|move|p1a: Melmetal|Toxic|p2a: Zapdos
|-status|p2a: Zapdos|tox
|
|-heal|p1a: Melmetal|88/100|[from] item: Leftovers
|-damage|p2a: Zapdos|64/100 tox|[from] psn
|upkeep
|turn|15
|
|t:|1665234603
|move|p1a: Melmetal|Protect|p1a: Melmetal
|-singleturn|p1a: Melmetal|Protect
|move|p2a: Zapdos|Hurricane|p1a: Melmetal
|-activate|p1a: Melmetal|move: Protect
|
|-heal|p1a: Melmetal|94/100|[from] item: Leftovers
|-damage|p2a: Zapdos|52/100 tox|[from] psn
|upkeep
|turn|16
|
|t:|1665234617
|switch|p1a: Urshifu|Urshifu-Rapid-Strike, F|100/100
|-damage|p1a: Urshifu|94/100|[from] Stealth Rock
|move|p2a: Zapdos|Roost|p2a: Zapdos
|-heal|p2a: Zapdos|100/100 tox
|-singleturn|p2a: Zapdos|move: Roost
|
|-damage|p2a: Zapdos|82/100 tox|[from] psn
|-fieldend|Misty Terrain
|upkeep
|turn|17
|
|t:|1665234625
|move|p1a: Urshifu|Aqua Jet|p2a: Zapdos
|-damage|p2a: Zapdos|60/100 tox
|move|p2a: Zapdos|Volt Switch|p1a: Urshifu
|-supereffective|p1a: Urshifu
|-damage|p1a: Urshifu|12/100
|
|t:|1665234644
|switch|p2a: Zeraora|Zeraora|100/100|[from]move: Volt Switch
|
|upkeep
|turn|18
|
|t:|1665234650
|move|p1a: Urshifu|Aqua Jet|p2a: Zeraora
|-damage|p2a: Zeraora|57/100
|move|p2a: Zeraora|Knock Off|p1a: Urshifu
|-resisted|p1a: Urshifu
|-damage|p1a: Urshifu|0 fnt
|-enditem|p1a: Urshifu|Choice Band|[from] move: Knock Off|[of] p2a: Zeraora
|faint|p1a: Urshifu
|
|upkeep
|
|t:|1665234658
|switch|p1a: Tapu Lele|Tapu Lele|100/100
|-damage|p1a: Tapu Lele|88/100|[from] Stealth Rock
|-fieldstart|move: Psychic Terrain|[from] ability: Psychic Surge|[of] p1a: Tapu Lele
|turn|19
|
|t:|1665234665
|move|p1a: Tapu Lele|Moonblast|p2a: Zeraora
|-damage|p2a: Zeraora|0 fnt
|faint|p2a: Zeraora
|
|upkeep
|
|t:|1665234669
|switch|p2a: Tapu Fini|Tapu Fini|88/100
|-damage|p2a: Tapu Fini|75/100|[from] Stealth Rock
|-fieldstart|move: Misty Terrain|[from] ability: Misty Surge|[of] p2a: Tapu Fini
|turn|20
|
|t:|1665234673
|switch|p1a: Melmetal|Melmetal|94/100
|-damage|p1a: Melmetal|88/100|[from] Stealth Rock
|move|p2a: Tapu Fini|Calm Mind|p2a: Tapu Fini
|-boost|p2a: Tapu Fini|spa|1
|-boost|p2a: Tapu Fini|spd|1
|
|-heal|p2a: Tapu Fini|82/100|[from] item: Leftovers
|-heal|p1a: Melmetal|94/100|[from] item: Leftovers
|upkeep
|turn|21
|
|t:|1665234675
|move|p2a: Tapu Fini|Surf|p1a: Melmetal
|-damage|p1a: Melmetal|53/100
|move|p1a: Melmetal|Double Iron Bash|p2a: Tapu Fini
|-damage|p2a: Tapu Fini|53/100
|-damage|p2a: Tapu Fini|21/100
|-hitcount|p2a: Tapu Fini|2
|
|-heal|p2a: Tapu Fini|27/100|[from] item: Leftovers
|-heal|p1a: Melmetal|59/100|[from] item: Leftovers
|upkeep
|turn|22
|
|t:|1665234678
|move|p2a: Tapu Fini|Surf|p1a: Melmetal
|-damage|p1a: Melmetal|15/100
|move|p1a: Melmetal|Double Iron Bash|p2a: Tapu Fini
|-damage|p2a: Tapu Fini|0 fnt
|faint|p2a: Tapu Fini
|-hitcount|p2: Tapu Fini|1
|
|-heal|p1a: Melmetal|21/100|[from] item: Leftovers
|upkeep
|-message|Adel19 forfeited.
|
|win|Sagiri I.
