|inactive|Battle timer is ON: inactive players will automatically lose when time's up.
|player|p1|PasteurPS|maylene|
|player|p2|GeniusX|evelyn|
|teamsize|p1|6
|teamsize|p2|6
|gametype|singles
|gen|8
|tier|[Gen 8] OU
|clearpoke
|poke|p1|Urshifu, F|
|poke|p1|Slowbro, F|
|poke|p1|Marowak-Alola, F|
|poke|p1|Corviknight, F|
|poke|p1|Hydreigon, M|
|poke|p1|Clefable, M|
|poke|p2|Urshifu, F|
|poke|p2|Magearna|
|poke|p2|Slowbro, F|
|poke|p2|Dragapult, F|
|poke|p2|Chansey, F|
|poke|p2|Cinderace, F|
|rule|Sleep Clause Mod: Limit one foe put to sleep
|rule|Species Clause: Limit one of each Pokémon
|rule|OHKO Clause: OHKO moves are banned
|rule|Evasion Moves Clause: Evasion moves are banned
|rule|Endless Battle Clause: Forcing endless battles is banned
|rule|HP Percentage Mod: HP is shown in percentages
|rule|Dynamax Clause: You cannot dynamax
|teampreview
|c|+sacred wings|xingye
|inactive|GeniusX has 270 seconds left.
|
|start
|switch|p1a: Clefable|Clefable, M|100/100
|switch|p2a: Urshifu|Urshifu, F|100/100
|turn|1
|
|switch|p2a: Chansey|Chansey, F|100/100
|move|p1a: Clefable|Teleport|p1a: Clefable
|
|switch|p1a: Urshifu|Urshifu, F|100/100|[from]move: Teleport
|
|upkeep
|turn|2
|
|switch|p2a: Magearna|Magearna|100/100
|move|p1a: Urshifu|Wicked Blow|p2a: Magearna
|-resisted|p2a: Magearna
|-crit|p2a: Magearna
|-damage|p2a: Magearna|65/100
|
|-heal|p2a: Magearna|71/100|[from] item: Leftovers
|upkeep
|turn|3
|
|switch|p1a: Marowak|Marowak-Alola, F|100/100
|switch|p2a: Urshifu|Urshifu, F|100/100
|
|upkeep
|turn|4
|
|switch|p1a: Urshifu|Urshifu, F|100/100
|move|p2a: Urshifu|Iron Head|p1a: Urshifu
|-damage|p1a: Urshifu|58/100
|
|upkeep
|turn|5
|
|move|p1a: Urshifu|Wicked Blow|p2a: Urshifu
|-resisted|p2a: Urshifu
|-crit|p2a: Urshifu
|-damage|p2a: Urshifu|76/100
|move|p2a: Urshifu|Iron Head|p1a: Urshifu
|-damage|p1a: Urshifu|15/100
|
|upkeep
|turn|6
|
|switch|p1a: Slowbro|Slowbro, F|100/100
|switch|p2a: Cinderace|Cinderace, F|100/100
|
|upkeep
|turn|7
|
|move|p2a: Cinderace|U-turn|p1a: Slowbro
|-start|p2a: Cinderace|typechange|Bug|[from] ability: Libero
|-supereffective|p1a: Slowbro
|-damage|p1a: Slowbro|63/100
|
|switch|p2a: Dragapult|Dragapult, F|100/100|[from]move: U-turn
|move|p1a: Slowbro|Teleport|p1a: Slowbro
|
|switch|p1a: Clefable|Clefable, M|100/100|[from]move: Teleport
|
|upkeep
|turn|8
|
|move|p2a: Dragapult|Thunder Wave|p1a: Clefable
|-status|p1a: Clefable|par
|move|p1a: Clefable|Wish|p1a: Clefable
|
|upkeep
|turn|9
|
|switch|p2a: Chansey|Chansey, F|100/100
|move|p1a: Clefable|Teleport|p1a: Clefable
|
|switch|p1a: Urshifu|Urshifu, F|15/100|[from]move: Teleport
|
|-heal|p1a: Urshifu|73/100|[from] move: Wish|[wisher] Clefable
|upkeep
|turn|10
|
|move|p1a: Urshifu|Close Combat|p2a: Chansey
|-supereffective|p2a: Chansey
|-damage|p2a: Chansey|0 fnt
|-unboost|p1a: Urshifu|def|1
|-unboost|p1a: Urshifu|spd|1
|faint|p2a: Chansey
|
|upkeep
|
|switch|p2a: Urshifu|Urshifu, F|76/100
|turn|11
|
|switch|p2a: Dragapult|Dragapult, F|100/100
|move|p1a: Urshifu|Close Combat|p2a: Dragapult
|-immune|p2a: Dragapult
|
|upkeep
|turn|12
|
|switch|p1a: Clefable|Clefable, M|100/100 par
|move|p2a: Dragapult|Draco Meteor|p1a: Clefable
|-immune|p1a: Clefable
|
|upkeep
|turn|13
|
|move|p2a: Dragapult|Hex|p1a: Clefable
|-damage|p1a: Clefable|59/100 par
|move|p1a: Clefable|Wish|p1a: Clefable
|
|-heal|p1a: Clefable|65/100 par|[from] item: Leftovers
|upkeep
|turn|14
|
|move|p2a: Dragapult|U-turn|p1a: Clefable
|-resisted|p1a: Clefable
|-damage|p1a: Clefable|56/100 par
|
|switch|p2a: Magearna|Magearna|71/100|[from]move: U-turn
|move|p1a: Clefable|Moonblast|p2a: Magearna
|-resisted|p2a: Magearna
|-damage|p2a: Magearna|57/100
|
|-heal|p1a: Clefable|100/100 par|[from] move: Wish|[wisher] Clefable
|-heal|p2a: Magearna|63/100|[from] item: Leftovers
|upkeep
|turn|15
|
|switch|p1a: Marowak|Marowak-Alola, F|100/100
|move|p2a: Magearna|Fleur Cannon|p1a: Marowak
|-resisted|p1a: Marowak
|-damage|p1a: Marowak|56/100
|-unboost|p2a: Magearna|spa|2
|
|-heal|p2a: Magearna|69/100|[from] item: Leftovers
|upkeep
|turn|16
|
|switch|p2a: Urshifu|Urshifu, F|76/100
|move|p1a: Marowak|Earthquake|p2a: Urshifu
|-damage|p2a: Urshifu|22/100
|
|upkeep
|turn|17
|
|switch|p1a: Urshifu|Urshifu, F|73/100
|move|p2a: Urshifu|Close Combat|p1a: Urshifu
|-supereffective|p1a: Urshifu
|-damage|p1a: Urshifu|0 fnt
|-unboost|p2a: Urshifu|def|1
|-unboost|p2a: Urshifu|spd|1
|faint|p1a: Urshifu
|
|upkeep
|
|switch|p1a: Marowak|Marowak-Alola, F|56/100
|turn|18
|
|switch|p2a: Cinderace|Cinderace, F|100/100
|move|p1a: Marowak|Stealth Rock|p2a: Cinderace
|-sidestart|p2: GeniusX|move: Stealth Rock
|
|upkeep
|turn|19
|
|move|p2a: Cinderace|Court Change|p2a: Cinderace
|-start|p2a: Cinderace|typechange|Normal|[from] ability: Libero
|-sideend|p2: GeniusX|Stealth Rock|[silent]
|-sidestart|p1: PasteurPS|Stealth Rock|[silent]
|-activate|p2a: Cinderace|move: Court Change
|move|p1a: Marowak|Poltergeist|p2a: Cinderace
|-immune|p2a: Cinderace
|
|upkeep
|turn|20
|
|move|p2a: Cinderace|Pyro Ball|p1a: Marowak
|-start|p2a: Cinderace|typechange|Fire|[from] ability: Libero
|-resisted|p1a: Marowak
|-damage|p1a: Marowak|27/100
|move|p1a: Marowak|Stealth Rock|p2a: Cinderace
|-sidestart|p2: GeniusX|move: Stealth Rock
|
|upkeep
|turn|21
|
|switch|p1a: Slowbro|Slowbro, F|97/100
|move|p2a: Cinderace|Pyro Ball|p1a: Slowbro
|-resisted|p1a: Slowbro
|-damage|p1a: Slowbro|81/100
|
|upkeep
|turn|22
|
|move|p2a: Cinderace|U-turn|p1a: Slowbro
|-start|p2a: Cinderace|typechange|Bug|[from] ability: Libero
|-supereffective|p1a: Slowbro
|-damage|p1a: Slowbro|41/100
|
|switch|p2a: Dragapult|Dragapult, F|100/100|[from]move: U-turn
|move|p1a: Slowbro|Thunder Wave|p2a: Dragapult
|-status|p2a: Dragapult|par
|
|upkeep
|turn|23
|
|switch|p1a: Clefable|Clefable, M|100/100 par
|move|p2a: Dragapult|Hex|p1a: Clefable
|-damage|p1a: Clefable|58/100 par
|
|-heal|p1a: Clefable|64/100 par|[from] item: Leftovers
|upkeep
|turn|24
|
|move|p2a: Dragapult|Hex|p1a: Clefable
|-damage|p1a: Clefable|20/100 par
|move|p1a: Clefable|Wish|p1a: Clefable
|
|-heal|p1a: Clefable|26/100 par|[from] item: Leftovers
|upkeep
|turn|25
|
|move|p1a: Clefable|Protect|p1a: Clefable
|-singleturn|p1a: Clefable|Protect
|move|p2a: Dragapult|Hex|p1a: Clefable
|-activate|p1a: Clefable|move: Protect
|
|-heal|p1a: Clefable|76/100 par|[from] move: Wish|[wisher] Clefable
|-heal|p1a: Clefable|82/100 par|[from] item: Leftovers
|upkeep
|turn|26
|
|cant|p2a: Dragapult|par
|move|p1a: Clefable|Wish|p1a: Clefable
|
|-heal|p1a: Clefable|88/100 par|[from] item: Leftovers
|upkeep
|turn|27
|
|cant|p2a: Dragapult|par
|move|p1a: Clefable|Teleport|p1a: Clefable
|
|switch|p1a: Marowak|Marowak-Alola, F|27/100|[from]move: Teleport
|-damage|p1a: Marowak|2/100|[from] Stealth Rock
|
|-heal|p1a: Marowak|66/100|[from] move: Wish|[wisher] Clefable
|upkeep
|turn|28
|
|switch|p1a: Clefable|Clefable, M|88/100 par
|move|p2a: Dragapult|Hex|p1a: Clefable
|-damage|p1a: Clefable|48/100 par
|
|-heal|p1a: Clefable|54/100 par|[from] item: Leftovers
|upkeep
|turn|29
|
|cant|p2a: Dragapult|par
|move|p1a: Clefable|Moonblast|p2a: Dragapult
|-supereffective|p2a: Dragapult
|-damage|p2a: Dragapult|17/100 par
|-unboost|p2a: Dragapult|spa|1
|
|-heal|p1a: Clefable|60/100 par|[from] item: Leftovers
|upkeep
|turn|30
|
|move|p2a: Dragapult|U-turn|p1a: Clefable
|-resisted|p1a: Clefable
|-damage|p1a: Clefable|51/100 par
|
|switch|p2a: Magearna|Magearna|69/100|[from]move: U-turn
|-damage|p2a: Magearna|63/100|[from] Stealth Rock
|move|p1a: Clefable|Wish|p1a: Clefable
|
|-heal|p2a: Magearna|69/100|[from] item: Leftovers
|-heal|p1a: Clefable|57/100 par|[from] item: Leftovers
|upkeep
|turn|31
|
|switch|p1a: Marowak|Marowak-Alola, F|66/100
|-damage|p1a: Marowak|41/100|[from] Stealth Rock
|move|p2a: Magearna|Fleur Cannon|p1a: Marowak
|-resisted|p1a: Marowak
|-damage|p1a: Marowak|0 fnt
|-unboost|p2a: Magearna|spa|2
|faint|p1a: Marowak
|-ability|p2a: Magearna|Soul-Heart|boost
|-boost|p2a: Magearna|spa|1
|
|-heal|p2a: Magearna|75/100|[from] item: Leftovers
|upkeep
|
|switch|p1a: Slowbro|Slowbro, F|74/100
|turn|32
|
|switch|p2a: Slowbro|Slowbro, F|100/100
|-damage|p2a: Slowbro|88/100|[from] Stealth Rock
|move|p1a: Slowbro|Scald|p2a: Slowbro
|-resisted|p2a: Slowbro
|-damage|p2a: Slowbro|75/100
|-status|p2a: Slowbro|brn
|
|-heal|p2a: Slowbro|81/100 brn|[from] item: Leftovers
|-damage|p2a: Slowbro|75/100 brn|[from] brn
|upkeep
|turn|33
|
|move|p2a: Slowbro|Thunder Wave|p1a: Slowbro
|-status|p1a: Slowbro|par
|move|p1a: Slowbro|Teleport|p1a: Slowbro
|
|switch|p1a: Hydreigon|Hydreigon, M|100/100|[from]move: Teleport
|-damage|p1a: Hydreigon|88/100|[from] Stealth Rock
|
|-heal|p2a: Slowbro|81/100 brn|[from] item: Leftovers
|-damage|p2a: Slowbro|75/100 brn|[from] brn
|upkeep
|turn|34
|
|switch|p2a: Dragapult|Dragapult, F|17/100 par
|move|p1a: Hydreigon|Flamethrower|p2a: Dragapult
|-resisted|p2a: Dragapult
|-damage|p2a: Dragapult|0 fnt
|faint|p2a: Dragapult
|
|upkeep
|
|switch|p2a: Cinderace|Cinderace, F|100/100
|turn|35
|
|switch|p1a: Slowbro|Slowbro, F|100/100 par
|move|p2a: Cinderace|U-turn|p1a: Slowbro
|-start|p2a: Cinderace|typechange|Bug|[from] ability: Libero
|-supereffective|p1a: Slowbro
|-damage|p1a: Slowbro|59/100 par
|
|switch|p2a: Magearna|Magearna|75/100|[from]move: U-turn
|-damage|p2a: Magearna|69/100|[from] Stealth Rock
|
|-heal|p2a: Magearna|75/100|[from] item: Leftovers
|upkeep
|turn|36
|
|move|p2a: Magearna|Calm Mind|p2a: Magearna
|-boost|p2a: Magearna|spa|1
|-boost|p2a: Magearna|spd|1
|move|p1a: Slowbro|Teleport|p1a: Slowbro
|inactive|PasteurPS has 270 seconds left.
|
|switch|p1a: Hydreigon|Hydreigon, M|88/100|[from]move: Teleport
|-damage|p1a: Hydreigon|76/100|[from] Stealth Rock
|
|-heal|p2a: Magearna|81/100|[from] item: Leftovers
|upkeep
|turn|37
|
|move|p1a: Hydreigon|Flamethrower|p2a: Magearna
|-supereffective|p2a: Magearna
|-damage|p2a: Magearna|46/100
|move|p2a: Magearna|Draining Kiss|p1a: Hydreigon
|-supereffective|p1a: Hydreigon
|-crit|p1a: Hydreigon
|-damage|p1a: Hydreigon|0 fnt
|-heal|p2a: Magearna|97/100|[from] drain|[of] p1a: Hydreigon
|faint|p1a: Hydreigon
|-ability|p2a: Magearna|Soul-Heart|boost
|-boost|p2a: Magearna|spa|1
|
|-heal|p2a: Magearna|100/100|[from] item: Leftovers
|upkeep
|inactive|PasteurPS has 270 seconds left.
|
|switch|p1a: Slowbro|Slowbro, F|92/100 par
|turn|38
|
|move|p2a: Magearna|Thunderbolt|p1a: Slowbro
|-supereffective|p1a: Slowbro
|-damage|p1a: Slowbro|0 fnt
|faint|p1a: Slowbro
|-ability|p2a: Magearna|Soul-Heart|boost
|-boost|p2a: Magearna|spa|1
|
|upkeep
|
|switch|p1a: Clefable|Clefable, M|57/100 par
|turn|39
|c|☆PasteurPS|gg
|
|move|p2a: Magearna|Fleur Cannon|p1a: Clefable
|-damage|p1a: Clefable|0 fnt
|-unboost|p2a: Magearna|spa|2
|faint|p1a: Clefable
|-ability|p2a: Magearna|Soul-Heart|boost
|-boost|p2a: Magearna|spa|1
|
|upkeep
|-message|PasteurPS forfeited.
|
|win|GeniusX
