|inactive|Battle timer is ON: inactive players will automatically lose when time's up.
|t:|1663446762
|gametype|singles
|player|p1|A HERO'S DESTINY|morty|
|player|p2|Redemption|#redemption|
|teamsize|p1|6
|teamsize|p2|6
|gen|8
|tier|[Gen 8] OU
|rule|Sleep Clause Mod: Limit one foe put to sleep
|rule|Species Clause: Limit one of each Pokémon
|rule|OHKO Clause: OHKO moves are banned
|rule|Evasion Items Clause: Evasion items are banned
|rule|Evasion Moves Clause: Evasion moves are banned
|rule|Endless Battle Clause: Forcing endless battles is banned
|rule|HP Percentage Mod: HP is shown in percentages
|rule|Dynamax Clause: You cannot dynamax
|clearpoke
|poke|p1|Ferrothorn, F|
|poke|p1|Rotom-Wash|
|poke|p1|Tyranitar, M|
|poke|p1|Excadrill, M|
|poke|p1|Clefable, M|
|poke|p1|Dragapult, F|
|poke|p2|Clefable, M|
|poke|p2|Dragapult, M|
|poke|p2|Kartana|
|poke|p2|Landorus-Therian, M|
|poke|p2|Corviknight, M|
|poke|p2|Toxapex, F|
|teampreview
|c|☆A HERO'S DESTINY|hf
|c|☆Redemption|hf
|c|+regnite ◕‿◕|my team was 6-0
|c|+regnite ◕‿◕|fodase careca
|c|☆A HERO'S DESTINY|true
|c|☆A HERO'S DESTINY|picked randomly
|inactive|A HERO'S DESTINY has 270 seconds left.
|inactive|Redemption has 270 seconds left.
|c|☆A HERO'S DESTINY|'-'
|
|t:|1663446809
|start
|switch|p1a: Clefable|Clefable, M|100/100
|switch|p2a: Clefable|Clefable, M|100/100
|turn|1
|
|t:|1663446815
|move|p1a: Clefable|Stealth Rock|p2a: Clefable
|-sidestart|p2: Redemption|move: Stealth Rock
|move|p2a: Clefable|Thunder Wave|p1a: Clefable
|-status|p1a: Clefable|par
|
|upkeep
|turn|2
|
|t:|1663446822
|move|p2a: Clefable|Knock Off|p1a: Clefable
|-resisted|p1a: Clefable
|-damage|p1a: Clefable|95/100 par
|-enditem|p1a: Clefable|Rocky Helmet|[from] move: Knock Off|[of] p2a: Clefable
|move|p1a: Clefable|Knock Off|p2a: Clefable
|-resisted|p2a: Clefable
|-damage|p2a: Clefable|94/100
|-enditem|p2a: Clefable|Rocky Helmet|[from] move: Knock Off|[of] p1a: Clefable
|
|upkeep
|turn|3
|
|t:|1663446835
|move|p2a: Clefable|Moonblast|p1a: Clefable
|-damage|p1a: Clefable|67/100 par
|move|p1a: Clefable|Moonblast|p2a: Clefable
|-damage|p2a: Clefable|68/100
|
|upkeep
|turn|4
|
|t:|1663446842
|move|p2a: Clefable|Moonblast|p1a: Clefable
|-damage|p1a: Clefable|37/100 par
|move|p1a: Clefable|Soft-Boiled|p1a: Clefable
|-heal|p1a: Clefable|87/100 par
|
|upkeep
|turn|5
|
|t:|1663446847
|switch|p1a: Excadrill|Excadrill, M|100/100
|move|p2a: Clefable|Soft-Boiled|p2a: Clefable
|-heal|p2a: Clefable|100/100
|
|upkeep
|turn|6
|
|t:|1663446872
|switch|p1a: Rotom|Rotom-Wash|100/100
|switch|p2a: Corviknight|Corviknight, M|100/100
|-ability|p2a: Corviknight|Pressure
|
|upkeep
|turn|7
|
|t:|1663446888
|switch|p2a: Clefable|Clefable, M|100/100
|move|p1a: Rotom|Volt Switch|p2a: Clefable
|-damage|p2a: Clefable|76/100
|
|t:|1663446898
|switch|p1a: Excadrill|Excadrill, M|100/100|[from]move: Volt Switch
|
|upkeep
|turn|8
|
|t:|1663446910
|switch|p1a: Rotom|Rotom-Wash|100/100
|switch|p2a: Corviknight|Corviknight, M|100/100
|-ability|p2a: Corviknight|Pressure
|
|upkeep
|turn|9
|
|t:|1663446920
|switch|p2a: Clefable|Clefable, M|76/100
|move|p1a: Rotom|Volt Switch|p2a: Clefable
|-damage|p2a: Clefable|55/100
|
|t:|1663446923
|switch|p1a: Tyranitar|Tyranitar, M|100/100|[from]move: Volt Switch
|-weather|Sandstorm|[from] ability: Sand Stream|[of] p1a: Tyranitar
|
|-weather|Sandstorm|[upkeep]
|upkeep
|turn|10
|
|t:|1663446934
|move|p1a: Tyranitar|Stone Edge|p2a: Clefable|[miss]
|-miss|p1a: Tyranitar|p2a: Clefable
|move|p2a: Clefable|Thunder Wave|p1a: Tyranitar
|-status|p1a: Tyranitar|par
|
|-weather|Sandstorm|[upkeep]
|upkeep
|turn|11
|c|☆A HERO'S DESTINY|.
|c|☆A HERO'S DESTINY|ai é foda
|c|☆A HERO'S DESTINY|regnite
|
|t:|1663446946
|move|p2a: Clefable|Knock Off|p1a: Tyranitar
|-resisted|p1a: Tyranitar
|-damage|p1a: Tyranitar|93/100 par
|-enditem|p1a: Tyranitar|Choice Band|[from] move: Knock Off|[of] p2a: Clefable
|move|p1a: Tyranitar|Stone Edge|p2a: Clefable|[miss]
|-miss|p1a: Tyranitar|p2a: Clefable
|
|-weather|Sandstorm|[upkeep]
|upkeep
|turn|12
|
|t:|1663446951
|move|p2a: Clefable|Soft-Boiled|p2a: Clefable
|-heal|p2a: Clefable|100/100
|move|p1a: Tyranitar|Heavy Slam|p2a: Clefable
|-supereffective|p2a: Clefable
|-damage|p2a: Clefable|28/100
|
|-weather|Sandstorm|[upkeep]
|upkeep
|turn|13
|c|+regnite ◕‿◕|0ç
|
|t:|1663446965
|move|p2a: Clefable|Soft-Boiled|p2a: Clefable
|-heal|p2a: Clefable|78/100
|move|p1a: Tyranitar|Heavy Slam|p2a: Clefable
|-supereffective|p2a: Clefable
|-damage|p2a: Clefable|8/100
|
|-weather|none
|upkeep
|turn|14
|
|t:|1663446973
|switch|p2a: Corviknight|Corviknight, M|100/100
|-ability|p2a: Corviknight|Pressure
|move|p1a: Tyranitar|Heavy Slam|p2a: Corviknight
|-resisted|p2a: Corviknight
|-damage|p2a: Corviknight|92/100
|
|upkeep
|turn|15
|
|t:|1663446980
|switch|p1a: Rotom|Rotom-Wash|100/100
|move|p2a: Corviknight|Defog|p1a: Rotom
|-unboost|p1a: Rotom|evasion|1
|-sideend|p2: Redemption|Stealth Rock|[from] move: Defog|[of] p2a: Corviknight
|
|upkeep
|turn|16
|
|t:|1663447000
|switch|p2a: Toxapex|Toxapex, F|100/100
|move|p1a: Rotom|Hydro Pump|p2a: Toxapex
|-resisted|p2a: Toxapex
|-damage|p2a: Toxapex|86/100
|
|upkeep
|turn|17
|
|t:|1663447007
|switch|p2a: Landorus|Landorus-Therian, M|100/100
|-ability|p2a: Landorus|Intimidate|boost
|-unboost|p1a: Rotom|atk|1
|move|p1a: Rotom|Volt Switch|p2a: Landorus
|-immune|p2a: Landorus
|
|upkeep
|turn|18
|
|t:|1663447019
|move|p1a: Rotom|Hydro Pump|p2a: Landorus|[miss]
|-miss|p1a: Rotom|p2a: Landorus
|move|p2a: Landorus|Toxic|p1a: Rotom
|-status|p1a: Rotom|tox
|
|-damage|p1a: Rotom|94/100 tox|[from] psn
|upkeep
|turn|19
|inactive|Redemption has 270 seconds left.
|
|t:|1663447054
|switch|p2a: Toxapex|Toxapex, F|100/100
|move|p1a: Rotom|Volt Switch|p2a: Toxapex
|-supereffective|p2a: Toxapex
|-damage|p2a: Toxapex|60/100
|c|☆A HERO'S DESTINY|i try to have fun in a metagame i barely play and this kinda of bullshit happens
|
|t:|1663447076
|switch|p1a: Clefable|Clefable, M|87/100 par|[from]move: Volt Switch
|
|upkeep
|turn|20
|
|t:|1663447090
|switch|p2a: Landorus|Landorus-Therian, M|100/100
|-ability|p2a: Landorus|Intimidate|boost
|-unboost|p1a: Clefable|atk|1
|move|p1a: Clefable|Stealth Rock|p2a: Landorus
|-sidestart|p2: Redemption|move: Stealth Rock
|
|upkeep
|turn|21
|
|t:|1663447097
|switch|p1a: Rotom|Rotom-Wash|94/100 tox
|move|p2a: Landorus|Stealth Rock|p1a: Rotom
|-sidestart|p1: A HERO'S DESTINY|move: Stealth Rock
|
|-heal|p1a: Rotom|100/100 tox|[from] item: Leftovers
|-damage|p1a: Rotom|94/100 tox|[from] psn
|upkeep
|turn|22
|
|t:|1663447108
|switch|p2a: Toxapex|Toxapex, F|94/100
|-damage|p2a: Toxapex|81/100|[from] Stealth Rock
|move|p1a: Rotom|Hydro Pump|p2a: Toxapex
|-resisted|p2a: Toxapex
|-damage|p2a: Toxapex|66/100
|
|-heal|p1a: Rotom|100/100 tox|[from] item: Leftovers
|-damage|p1a: Rotom|88/100 tox|[from] psn
|upkeep
|turn|23
|
|t:|1663447115
|move|p1a: Rotom|Volt Switch|p2a: Toxapex
|-supereffective|p2a: Toxapex
|-damage|p2a: Toxapex|31/100
|
|t:|1663447133
|switch|p1a: Ferrothorn|Ferrothorn, F|100/100|[from]move: Volt Switch
|-damage|p1a: Ferrothorn|94/100|[from] Stealth Rock
|move|p2a: Toxapex|Recover|p2a: Toxapex
|-heal|p2a: Toxapex|81/100
|
|-heal|p1a: Ferrothorn|100/100|[from] item: Leftovers
|upkeep
|turn|24
|
|t:|1663447160
|move|p2a: Toxapex|Scald|p1a: Ferrothorn
|-resisted|p1a: Ferrothorn
|-damage|p1a: Ferrothorn|94/100
|-status|p1a: Ferrothorn|brn
|move|p1a: Ferrothorn|Spikes|p2a: Toxapex
|-sidestart|p2: Redemption|Spikes
|
|-heal|p1a: Ferrothorn|99/100 brn|[from] item: Leftovers
|-damage|p1a: Ferrothorn|94/100 brn|[from] brn
|upkeep
|turn|25
|inactive|Redemption has 270 seconds left.
|
|t:|1663447185
|switch|p2a: Clefable|Clefable, M|8/100
|switch|p1a: Dragapult|Dragapult, F|100/100
|-damage|p1a: Dragapult|88/100|[from] Stealth Rock
|
|upkeep
|turn|26
|inactive|Redemption has 270 seconds left.
|
|t:|1663447214
|move|p1a: Dragapult|Shadow Ball|p2a: Clefable
|-damage|p2a: Clefable|0 fnt
|faint|p2a: Clefable
|
|upkeep
|
|t:|1663447220
|switch|p2a: Landorus|Landorus-Therian, M|100/100
|-damage|p2a: Landorus|88/100|[from] Stealth Rock
|-ability|p2a: Landorus|Intimidate|boost
|-unboost|p1a: Dragapult|atk|1
|turn|27
|
|t:|1663447229
|switch|p1a: Clefable|Clefable, M|87/100 par
|move|p2a: Landorus|U-turn|p1a: Clefable
|-resisted|p1a: Clefable
|-damage|p1a: Clefable|78/100 par
|inactive|Redemption has 240 seconds left.
|
|t:|1663447262
|switch|p2a: Kartana|Kartana|100/100|[from]move: U-turn
|-damage|p2a: Kartana|94/100|[from] Stealth Rock
|-damage|p2a: Kartana|82/100|[from] Spikes
|
|upkeep
|turn|28
|
|t:|1663447288
|switch|p1a: Ferrothorn|Ferrothorn, F|94/100 brn
|-damage|p1a: Ferrothorn|87/100 brn|[from] Stealth Rock
|move|p2a: Kartana|Leaf Blade|p1a: Ferrothorn
|-resisted|p1a: Ferrothorn
|-damage|p1a: Ferrothorn|78/100 brn
|-activate|p1a: Ferrothorn|ability: Iron Barbs
|-activate|p2a: Kartana|item: Protective Pads
|
|-heal|p1a: Ferrothorn|84/100 brn|[from] item: Leftovers
|-damage|p1a: Ferrothorn|78/100 brn|[from] brn
|upkeep
|turn|29
|
|t:|1663447299
|move|p2a: Kartana|Sacred Sword|p1a: Ferrothorn
|-supereffective|p1a: Ferrothorn
|-damage|p1a: Ferrothorn|31/100 brn
|-activate|p1a: Ferrothorn|ability: Iron Barbs
|-activate|p2a: Kartana|item: Protective Pads
|move|p1a: Ferrothorn|Body Press|p2a: Kartana
|-supereffective|p2a: Kartana
|-damage|p2a: Kartana|50/100
|
|-heal|p1a: Ferrothorn|38/100 brn|[from] item: Leftovers
|-damage|p1a: Ferrothorn|31/100 brn|[from] brn
|upkeep
|turn|30
|
|t:|1663447310
|move|p2a: Kartana|Sacred Sword|p1a: Ferrothorn
|-supereffective|p1a: Ferrothorn
|-damage|p1a: Ferrothorn|0 fnt
|-activate|p1a: Ferrothorn|ability: Iron Barbs
|-activate|p2a: Kartana|item: Protective Pads
|faint|p1a: Ferrothorn
|-ability|p2a: Kartana|Beast Boost|boost
|-boost|p2a: Kartana|atk|1
|
|upkeep
|
|t:|1663447314
|switch|p1a: Dragapult|Dragapult, F|88/100
|-damage|p1a: Dragapult|76/100|[from] Stealth Rock
|turn|31
|inactive|Redemption has 210 seconds left.
|inactive|Redemption has 180 seconds left.
|
|t:|1663447380
|switch|p2a: Toxapex|Toxapex, F|100/100
|-damage|p2a: Toxapex|88/100|[from] Stealth Rock
|-damage|p2a: Toxapex|76/100|[from] Spikes
|move|p1a: Dragapult|Shadow Ball|p2a: Toxapex
|-damage|p2a: Toxapex|30/100
|-unboost|p2a: Toxapex|spd|1
|
|upkeep
|turn|32
|
|t:|1663447389
|move|p1a: Dragapult|Shadow Ball|p2a: Toxapex
|-damage|p2a: Toxapex|0 fnt
|faint|p2a: Toxapex
|
|upkeep
|
|t:|1663447407
|switch|p2a: Corviknight|Corviknight, M|92/100
|-ability|p2a: Corviknight|Pressure
|turn|33
|
|t:|1663447411
|move|p1a: Dragapult|Shadow Ball|p2a: Corviknight
|-damage|p2a: Corviknight|47/100
|move|p2a: Corviknight|Defog|p1a: Dragapult
|-unboost|p1a: Dragapult|evasion|1
|-sideend|p1: A HERO'S DESTINY|Stealth Rock|[from] move: Defog|[of] p2a: Corviknight
|-sideend|p2: Redemption|Spikes|[from] move: Defog|[of] p2a: Corviknight
|-sideend|p2: Redemption|Stealth Rock|[from] move: Defog|[of] p2a: Corviknight
|
|upkeep
|turn|34
|inactive|Redemption has 180 seconds left.
|
|t:|1663447423
|move|p1a: Dragapult|Shadow Ball|p2a: Corviknight
|-damage|p2a: Corviknight|2/100
|-unboost|p2a: Corviknight|spd|1
|move|p2a: Corviknight|Roost|p2a: Corviknight
|-heal|p2a: Corviknight|52/100
|-singleturn|p2a: Corviknight|move: Roost
|
|upkeep
|turn|35
|inactive|Redemption has 180 seconds left.
|
|t:|1663447438
|switch|p2a: Landorus|Landorus-Therian, M|88/100
|-ability|p2a: Landorus|Intimidate|boost
|-unboost|p1a: Dragapult|atk|1
|move|p1a: Dragapult|Shadow Ball|p2a: Landorus
|-damage|p2a: Landorus|30/100
|
|-heal|p2a: Landorus|37/100|[from] item: Leftovers
|upkeep
|turn|36
|inactive|Redemption has 180 seconds left.
|
|t:|1663447466
|move|p1a: Dragapult|Shadow Ball|p2a: Landorus
|-damage|p2a: Landorus|0 fnt
|faint|p2a: Landorus
|
|upkeep
|
|t:|1663447469
|switch|p2a: Dragapult|Dragapult, M|100/100
|turn|37
|
|t:|1663447474
|switch|p1a: Tyranitar|Tyranitar, M|93/100 par
|-weather|Sandstorm|[from] ability: Sand Stream|[of] p1a: Tyranitar
|move|p2a: Dragapult|U-turn|p1a: Tyranitar
|-supereffective|p1a: Tyranitar
|-damage|p1a: Tyranitar|61/100 par
|
|t:|1663447484
|switch|p2a: Corviknight|Corviknight, M|52/100|[from]move: U-turn
|-ability|p2a: Corviknight|Pressure
|
|-weather|Sandstorm|[upkeep]
|upkeep
|turn|38
|
|t:|1663447496
|switch|p1a: Dragapult|Dragapult, F|76/100
|move|p2a: Corviknight|Roost|p2a: Corviknight
|-heal|p2a: Corviknight|100/100
|-singleturn|p2a: Corviknight|move: Roost
|
|-weather|Sandstorm|[upkeep]
|-damage|p1a: Dragapult|70/100|[from] Sandstorm
|upkeep
|turn|39
|
|t:|1663447502
|move|p1a: Dragapult|Flamethrower|p2a: Corviknight
|-supereffective|p2a: Corviknight
|-damage|p2a: Corviknight|33/100
|move|p2a: Corviknight|Roost|p2a: Corviknight
|-heal|p2a: Corviknight|83/100
|-singleturn|p2a: Corviknight|move: Roost
|
|-weather|Sandstorm|[upkeep]
|-damage|p1a: Dragapult|64/100|[from] Sandstorm
|upkeep
|turn|40
|
|t:|1663447511
|switch|p1a: Clefable|Clefable, M|78/100 par
|switch|p2a: Dragapult|Dragapult, M|100/100
|
|-weather|Sandstorm|[upkeep]
|-damage|p2a: Dragapult|95/100|[from] Sandstorm
|upkeep
|turn|41
|
|t:|1663447515
|move|p2a: Dragapult|Shadow Ball|p1a: Clefable
|-damage|p1a: Clefable|32/100 par
|cant|p1a: Clefable|par
|
|-weather|none
|upkeep
|turn|42
|
|t:|1663447523
|switch|p1a: Tyranitar|Tyranitar, M|61/100 par
|-weather|Sandstorm|[from] ability: Sand Stream|[of] p1a: Tyranitar
|move|p2a: Dragapult|Shadow Ball|p1a: Tyranitar
|-resisted|p1a: Tyranitar
|-damage|p1a: Tyranitar|44/100 par
|
|-weather|Sandstorm|[upkeep]
|-damage|p2a: Dragapult|89/100|[from] Sandstorm
|upkeep
|turn|43
|inactive|Redemption has 210 seconds left.
|
|t:|1663447551
|switch|p2a: Corviknight|Corviknight, M|83/100
|-ability|p2a: Corviknight|Pressure
|move|p1a: Tyranitar|Crunch|p2a: Corviknight
|-damage|p2a: Corviknight|47/100
|
|-weather|Sandstorm|[upkeep]
|upkeep
|turn|44
|
|t:|1663447560
|switch|p1a: Clefable|Clefable, M|32/100 par
|move|p2a: Corviknight|Roost|p2a: Corviknight
|-heal|p2a: Corviknight|97/100
|-singleturn|p2a: Corviknight|move: Roost
|
|-weather|Sandstorm|[upkeep]
|upkeep
|turn|45
|
|t:|1663447566
|switch|p1a: Rotom|Rotom-Wash|88/100 tox
|move|p2a: Corviknight|U-turn|p1a: Rotom
|-damage|p1a: Rotom|73/100 tox
|
|t:|1663447571
|switch|p2a: Kartana|Kartana|50/100|[from]move: U-turn
|
|-weather|Sandstorm|[upkeep]
|-damage|p1a: Rotom|66/100 tox|[from] Sandstorm
|-heal|p1a: Rotom|73/100 tox|[from] item: Leftovers
|-damage|p1a: Rotom|66/100 tox|[from] psn
|upkeep
|turn|46
|
|t:|1663447580
|switch|p1a: Clefable|Clefable, M|32/100 par
|move|p2a: Kartana|Leaf Blade|p1a: Clefable
|-damage|p1a: Clefable|0 fnt
|faint|p1a: Clefable
|-ability|p2a: Kartana|Beast Boost|boost
|-boost|p2a: Kartana|atk|1
|
|-weather|none
|upkeep
|
|t:|1663447583
|switch|p1a: Dragapult|Dragapult, F|64/100
|turn|47
|inactive|Redemption has 210 seconds left.
|inactive|Redemption has 180 seconds left.
|inactive|Redemption has 150 seconds left.
|inactive|Redemption has 120 seconds left.
|inactive|Redemption has 90 seconds left.
|
|t:|1663447716
|switch|p2a: Corviknight|Corviknight, M|97/100
|-ability|p2a: Corviknight|Pressure
|move|p1a: Dragapult|Shadow Ball|p2a: Corviknight
|-damage|p2a: Corviknight|51/100
|
|upkeep
|turn|48
|inactive|Redemption has 90 seconds left.
|
|t:|1663447733
|move|p1a: Dragapult|Shadow Ball|p2a: Corviknight
|-damage|p2a: Corviknight|10/100
|move|p2a: Corviknight|Roost|p2a: Corviknight
|-heal|p2a: Corviknight|60/100
|-singleturn|p2a: Corviknight|move: Roost
|
|upkeep
|turn|49
|inactive|Redemption has 90 seconds left.
|
|t:|1663447755
|switch|p1a: Rotom|Rotom-Wash|66/100 tox
|move|p2a: Corviknight|Roost|p2a: Corviknight
|-heal|p2a: Corviknight|100/100
|-singleturn|p2a: Corviknight|move: Roost
|
|-heal|p1a: Rotom|73/100 tox|[from] item: Leftovers
|-damage|p1a: Rotom|66/100 tox|[from] psn
|upkeep
|turn|50
|
|t:|1663447775
|switch|p2a: Dragapult|Dragapult, M|89/100
|move|p1a: Rotom|Volt Switch|p2a: Dragapult
|-resisted|p2a: Dragapult
|-damage|p2a: Dragapult|73/100
|inactive|A HERO'S DESTINY has 270 seconds left.
|
|t:|1663447825
|switch|p1a: Tyranitar|Tyranitar, M|44/100 par|[from]move: Volt Switch
|-weather|Sandstorm|[from] ability: Sand Stream|[of] p1a: Tyranitar
|
|-weather|Sandstorm|[upkeep]
|-damage|p2a: Dragapult|67/100|[from] Sandstorm
|upkeep
|turn|51
|
|t:|1663447843
|switch|p1a: Excadrill|Excadrill, M|100/100
|move|p2a: Dragapult|Draco Meteor|p1a: Excadrill
|-resisted|p1a: Excadrill
|-damage|p1a: Excadrill|45/100
|-unboost|p2a: Dragapult|spa|2
|
|-weather|Sandstorm|[upkeep]
|-damage|p2a: Dragapult|61/100|[from] Sandstorm
|-heal|p1a: Excadrill|51/100|[from] item: Leftovers
|upkeep
|turn|52
|inactive|A HERO'S DESTINY has 270 seconds left.
|
|t:|1663447856
|switch|p1a: Dragapult|Dragapult, F|64/100
|move|p2a: Dragapult|Draco Meteor|p1a: Dragapult
|-supereffective|p1a: Dragapult
|-damage|p1a: Dragapult|0 fnt
|-unboost|p2a: Dragapult|spa|2
|faint|p1a: Dragapult
|
|-weather|Sandstorm|[upkeep]
|-damage|p2a: Dragapult|55/100|[from] Sandstorm
|upkeep
|-message|A HERO'S DESTINY forfeited.
|
|win|Redemption
