|inactive|Battle timer is ON: inactive players will automatically lose when time's up.
|t:|1662305782
|gametype|singles
|player|p1|Coach Jones 6fifth|lusamine-nihilego|
|player|p2|Lopunny kicks|schoolgirl|
|teamsize|p1|6
|teamsize|p2|6
|gen|8
|tier|[Gen 8] OU
|rule|Sleep Clause Mod: Limit one foe put to sleep
|rule|Species Clause: Limit one of each Pokémon
|rule|OHKO Clause: OHKO moves are banned
|rule|Evasion Items Clause: Evasion items are banned
|rule|Evasion Moves Clause: Evasion moves are banned
|rule|Endless Battle Clause: Forcing endless battles is banned
|rule|HP Percentage Mod: HP is shown in percentages
|rule|Dynamax Clause: You cannot dynamax
|clearpoke
|poke|p1|Weavile, M|
|poke|p1|Slowbro, M|
|poke|p1|Aegislash, F|
|poke|p1|Slowking-Galar, F|
|poke|p1|Landorus-Therian, M|
|poke|p1|Buzzwole|
|poke|p2|Dragonite, F|
|poke|p2|Ferrothorn, F|
|poke|p2|Heatran, M|
|poke|p2|Clefable, M|
|poke|p2|Landorus-Therian, M|
|poke|p2|Zeraora|
|teampreview
|c|☆Lopunny kicks|hf
|c|☆Coach Jones 6fifth|hf
|inactive|Coach Jones 6fifth has 270 seconds left.
|inactive|Lopunny kicks has 270 seconds left.
|inactive|Coach Jones 6fifth has 240 seconds left.
|inactive|Lopunny kicks has 240 seconds left.
|
|t:|1662305857
|start
|switch|p1a: Weavile|Weavile, M|100/100
|switch|p2a: Rockabye|Landorus-Therian, M|100/100
|-ability|p1a: Weavile|Pressure
|-ability|p2a: Rockabye|Intimidate|boost
|-unboost|p1a: Weavile|atk|1
|turn|1
|
|t:|1662305872
|switch|p2a: thorns of truth|Ferrothorn, F|100/100
|move|p1a: Weavile|Knock Off|p2a: thorns of truth
|-damage|p2a: thorns of truth|74/100
|-damage|p1a: Weavile|88/100|[from] ability: Iron Barbs|[of] p2a: thorns of truth
|-damage|p1a: Weavile|72/100|[from] item: Rocky Helmet|[of] p2a: thorns of truth
|-enditem|p2a: thorns of truth|Rocky Helmet|[from] move: Knock Off|[of] p1a: Weavile
|
|upkeep
|turn|2
|
|t:|1662305879
|switch|p1a: Slowking|Slowking-Galar, F, shiny|100/100
|move|p2a: thorns of truth|Spikes|p1a: Slowking
|-sidestart|p1: Coach Jones 6fifth|Spikes
|
|upkeep
|turn|3
|
|t:|1662305890
|move|p2a: thorns of truth|Knock Off|p1a: Slowking
|-supereffective|p1a: Slowking
|-damage|p1a: Slowking|56/100
|-enditem|p1a: Slowking|Assault Vest|[from] move: Knock Off|[of] p2a: thorns of truth
|move|p1a: Slowking|Future Sight|p2a: thorns of truth
|-start|p1a: Slowking|move: Future Sight
|
|upkeep
|turn|4
|inactive|Lopunny kicks has 270 seconds left.
|
|t:|1662305943
|switch|p1a: Slowbro|Slowbro, M, shiny|100/100
|move|p2a: thorns of truth|Knock Off|p1a: Slowbro
|-supereffective|p1a: Slowbro
|-damage|p1a: Slowbro|76/100
|-enditem|p1a: Slowbro|Heavy-Duty Boots|[from] move: Knock Off|[of] p2a: thorns of truth
|
|upkeep
|turn|5
|inactive|Coach Jones 6fifth has 270 seconds left.
|inactive|Lopunny kicks has 240 seconds left.
|inactive|Lopunny kicks has 210 seconds left.
|
|t:|1662306019
|move|p2a: thorns of truth|Spikes|p1a: Slowbro
|-sidestart|p1: Coach Jones 6fifth|Spikes
|move|p1a: Slowbro|Teleport|p1a: Slowbro
|
|t:|1662306022
|switch|p1a: Slowking|Slowking-Galar, F, shiny|89/100|[from]move: Teleport
|-damage|p1a: Slowking|73/100|[from] Spikes
|
|-end|p2a: thorns of truth|move: Future Sight
|-resisted|p2a: thorns of truth
|-damage|p2a: thorns of truth|56/100
|upkeep
|turn|6
|
|t:|1662306032
|switch|p2a: Enamel|Heatran, M|100/100
|move|p1a: Slowking|Future Sight|p2a: Enamel
|-start|p1a: Slowking|move: Future Sight
|
|upkeep
|turn|7
|
|t:|1662306037
|switch|p1a: Landorus|Landorus-Therian, M|100/100
|-ability|p1a: Landorus|Intimidate|boost
|-unboost|p2a: Enamel|atk|1
|move|p2a: Enamel|Eruption|p1a: Landorus
|-damage|p1a: Landorus|30/100
|
|-heal|p1a: Landorus|36/100|[from] item: Leftovers
|upkeep
|turn|8
|inactive|Coach Jones 6fifth has 270 seconds left.
|inactive|Lopunny kicks has 180 seconds left.
|inactive|Coach Jones 6fifth has 240 seconds left.
|inactive|Lopunny kicks has 150 seconds left.
|inactive|Coach Jones 6fifth has 210 seconds left.
|inactive|Coach Jones 6fifth has 180 seconds left.
|
|t:|1662306154
|switch|p1a: Weavile|Weavile, M|72/100
|-damage|p1a: Weavile|55/100|[from] Spikes
|-ability|p1a: Weavile|Pressure
|move|p2a: Enamel|Eruption|p1a: Weavile
|-supereffective|p1a: Weavile
|-damage|p1a: Weavile|0 fnt
|faint|p1a: Weavile
|
|-end|p2a: Enamel|move: Future Sight
|-resisted|p2a: Enamel
|-damage|p2a: Enamel|78/100
|upkeep
|
|t:|1662306160
|switch|p1a: Slowbro|Slowbro, M, shiny|100/100
|-damage|p1a: Slowbro|84/100|[from] Spikes
|turn|9
|
|t:|1662306167
|switch|p2a: Bailando por Ahi|Clefable, M|100/100
|move|p1a: Slowbro|Scald|p2a: Bailando por Ahi
|-damage|p2a: Bailando por Ahi|76/100
|
|upkeep
|turn|10
|
|t:|1662306172
|move|p2a: Bailando por Ahi|Moonblast|p1a: Slowbro
|-damage|p1a: Slowbro|40/100
|-unboost|p1a: Slowbro|spa|1
|move|p1a: Slowbro|Teleport|p1a: Slowbro
|inactive|Coach Jones 6fifth has 180 seconds left.
|
|t:|1662306185
|switch|p1a: Landorus|Landorus-Therian, M|36/100|[from]move: Teleport
|-ability|p1a: Landorus|Intimidate|boost
|-unboost|p2a: Bailando por Ahi|atk|1
|
|-heal|p1a: Landorus|42/100|[from] item: Leftovers
|upkeep
|turn|11
|
|t:|1662306187
|move|p1a: Landorus|Defog|p2a: Bailando por Ahi
|-unboost|p2a: Bailando por Ahi|evasion|1
|-sideend|p1: Coach Jones 6fifth|Spikes|[from] move: Defog|[of] p1a: Landorus
|move|p2a: Bailando por Ahi|Moonblast|p1a: Landorus
|-damage|p1a: Landorus|9/100
|
|-heal|p1a: Landorus|15/100|[from] item: Leftovers
|upkeep
|turn|12
|
|t:|1662306193
|switch|p1a: Slowking|Slowking-Galar, F, shiny|100/100
|switch|p2a: Rockabye|Landorus-Therian, M|100/100
|-ability|p2a: Rockabye|Intimidate|boost
|-unboost|p1a: Slowking|atk|1
|
|upkeep
|turn|13
|
|t:|1662306197
|switch|p1a: Slowbro|Slowbro, M, shiny|74/100
|move|p2a: Rockabye|Stealth Rock|p1a: Slowbro
|-sidestart|p1: Coach Jones 6fifth|move: Stealth Rock
|
|upkeep
|turn|14
|inactive|Lopunny kicks has 180 seconds left.
|
|t:|1662306224
|switch|p2a: Bailando por Ahi|Clefable, M|76/100
|move|p1a: Slowbro|Future Sight|p2a: Bailando por Ahi
|-start|p1a: Slowbro|move: Future Sight
|
|upkeep
|turn|15
|inactive|Lopunny kicks has 180 seconds left.
|
|t:|1662306235
|switch|p2a: Rockabye|Landorus-Therian, M|100/100
|-ability|p2a: Rockabye|Intimidate|boost
|-unboost|p1a: Slowbro|atk|1
|switch|p1a: Slowking|Slowking-Galar, F, shiny|100/100
|-damage|p1a: Slowking|88/100|[from] Stealth Rock
|
|upkeep
|turn|16
|
|t:|1662306240
|switch|p1a: Slowbro|Slowbro, M, shiny|100/100
|-damage|p1a: Slowbro|88/100|[from] Stealth Rock
|move|p2a: Rockabye|Knock Off|p1a: Slowbro
|-supereffective|p1a: Slowbro
|-damage|p1a: Slowbro|59/100
|
|-end|p2a: Rockabye|move: Future Sight
|-damage|p2a: Rockabye|45/100
|upkeep
|turn|17
|
|t:|1662306245
|move|p2a: Rockabye|Explosion|p1a: Slowbro
|-enditem|p2a: Rockabye|Normal Gem|[from] gem
|-damage|p1a: Slowbro|0 fnt
|faint|p2a: Rockabye
|faint|p1a: Slowbro
|
|upkeep
|
|t:|1662306261
|switch|p2a: Thunderclap|Zeraora, shiny|100/100
|switch|p1a: Slowking|Slowking-Galar, F, shiny|100/100
|-damage|p1a: Slowking|88/100|[from] Stealth Rock
|turn|18
|
|t:|1662306267
|switch|p1a: Buzzwole|Buzzwole|100/100
|-damage|p1a: Buzzwole|88/100|[from] Stealth Rock
|move|p2a: Thunderclap|Plasma Fists|p1a: Buzzwole
|-damage|p1a: Buzzwole|64/100
|-fieldactivate|move: Ion Deluge
|-hint|Normal-type moves become Electric-type after using Plasma Fists.
|-damage|p2a: Thunderclap|84/100|[from] item: Rocky Helmet|[of] p1a: Buzzwole
|
|upkeep
|turn|19
|
|t:|1662306274
|switch|p2a: Enamel|Heatran, M|78/100
|move|p1a: Buzzwole|Roost|p1a: Buzzwole
|-heal|p1a: Buzzwole|100/100
|-singleturn|p1a: Buzzwole|move: Roost
|
|upkeep
|turn|20
|
|t:|1662306284
|switch|p1a: Landorus|Landorus-Therian, M|15/100
|-damage|p1a: Landorus|3/100|[from] Stealth Rock
|-ability|p1a: Landorus|Intimidate|boost
|-unboost|p2a: Enamel|atk|1
|move|p2a: Enamel|Eruption|p1a: Landorus
|-damage|p1a: Landorus|0 fnt
|faint|p1a: Landorus
|
|upkeep
|
|t:|1662306285
|switch|p1a: Slowking|Slowking-Galar, F, shiny|100/100
|-damage|p1a: Slowking|88/100|[from] Stealth Rock
|turn|21
|
|t:|1662306287
|move|p2a: Enamel|Eruption|p1a: Slowking
|-damage|p1a: Slowking|42/100
|move|p1a: Slowking|Earthquake|p2a: Enamel
|-supereffective|p2a: Enamel
|-damage|p2a: Enamel|6/100
|
|upkeep
|turn|22
|
|t:|1662306292
|move|p2a: Enamel|Earth Power|p1a: Slowking
|-supereffective|p1a: Slowking
|-damage|p1a: Slowking|4/100
|move|p1a: Slowking|Future Sight|p2a: Enamel
|-start|p1a: Slowking|move: Future Sight
|
|upkeep
|turn|23
|inactive|Lopunny kicks has 240 seconds left.
|
|t:|1662306305
|switch|p1a: Buzzwole|Buzzwole|100/100
|-damage|p1a: Buzzwole|88/100|[from] Stealth Rock
|move|p2a: Enamel|Earth Power|p1a: Buzzwole
|-resisted|p1a: Buzzwole
|-damage|p1a: Buzzwole|66/100
|
|upkeep
|turn|24
|
|t:|1662306309
|move|p2a: Enamel|Magma Storm|p1a: Buzzwole
|-supereffective|p1a: Buzzwole
|-damage|p1a: Buzzwole|0 fnt
|faint|p1a: Buzzwole
|
|-end|p2a: Enamel|move: Future Sight
|-resisted|p2a: Enamel
|-damage|p2a: Enamel|0 fnt
|faint|p2a: Enamel
|upkeep
|
|t:|1662306314
|switch|p2a: Thunderclap|Zeraora, shiny|84/100
|switch|p1a: Aegislash|Aegislash, F, shiny|100/100
|-damage|p1a: Aegislash|94/100|[from] Stealth Rock
|turn|25
|
|t:|1662306317
|move|p2a: Thunderclap|Plasma Fists|p1a: Aegislash
|-damage|p1a: Aegislash|56/100
|-fieldactivate|move: Ion Deluge
|-hint|Normal-type moves become Electric-type after using Plasma Fists.
|-formechange|p1a: Aegislash|Aegislash-Blade||[from] ability: Stance Change
|move|p1a: Aegislash|Shadow Ball|p2a: Thunderclap
|-damage|p2a: Thunderclap|10/100
|-unboost|p2a: Thunderclap|spd|1
|
|upkeep
|turn|26
|c|☆Coach Jones 6fifth|gg
|inactive|Lopunny kicks has 270 seconds left.
|
|t:|1662306323
|move|p1a: Aegislash|Shadow Sneak|p2a: Thunderclap
|-damage|p2a: Thunderclap|0 fnt
|faint|p2a: Thunderclap
|
|upkeep
|
|t:|1662306325
|switch|p2a: in the dark|Dragonite, F|100/100
|turn|27
|c|☆Lopunny kicks|gg
|
|t:|1662306337
|move|p1a: Aegislash|Shadow Sneak|p2a: in the dark
|-damage|p2a: in the dark|91/100
|move|p2a: in the dark|Earthquake|p1a: Aegislash
|-supereffective|p1a: Aegislash
|-damage|p1a: Aegislash|0 fnt
|faint|p1a: Aegislash
|
|upkeep
|
|t:|1662306339
|switch|p1a: Slowking|Slowking-Galar, F, shiny|38/100
|-damage|p1a: Slowking|25/100|[from] Stealth Rock
|turn|28
|
|t:|1662306341
|move|p2a: in the dark|Earthquake|p1a: Slowking
|-supereffective|p1a: Slowking
|-damage|p1a: Slowking|0 fnt
|faint|p1a: Slowking
|
|win|Lopunny kicks
