|inactive|Battle timer is ON: inactive players will automatically lose when time's up.
|t:|1663524757
|gametype|singles
|player|p1|Antonazz|palmer|
|player|p2|NeoNaruto®++|burglar-gen1rb|
|teamsize|p1|6
|teamsize|p2|6
|gen|8
|tier|[Gen 8] OU
|rule|Sleep Clause Mod: Limit one foe put to sleep
|rule|Species Clause: Limit one of each Pokémon
|rule|OHKO Clause: OHKO moves are banned
|rule|Evasion Items Clause: Evasion items are banned
|rule|Evasion Moves Clause: Evasion moves are banned
|rule|Endless Battle Clause: Forcing endless battles is banned
|rule|HP Percentage Mod: HP is shown in percentages
|rule|Dynamax Clause: You cannot dynamax
|clearpoke
|poke|p1|Victini|
|poke|p1|Zapdos|
|poke|p1|Tapu Fini|
|poke|p1|Ferrothorn, M|
|poke|p1|Dragapult, F|
|poke|p1|Landorus-Therian, M|
|poke|p2|Landorus-Therian, M|
|poke|p2|Ferrothorn, F|
|poke|p2|Tapu Koko|
|poke|p2|Dragonite, F|
|poke|p2|Darmanitan, M|
|poke|p2|Tyranitar, M|
|teampreview
|inactive|NeoNaruto®++ also wants the timer to be on.
|c|☆NeoNaruto®++|glhf
|c|☆Antonazz|hf
|inactive|Antonazz has 270 seconds left.
|
|t:|1663524804
|start
|switch|p1a: Landorus|Landorus-Therian, M|100/100
|switch|p2a: Bernie Landers|Landorus-Therian, M|100/100
|-ability|p1a: Landorus|Intimidate|boost
|-unboost|p2a: Bernie Landers|atk|1
|-ability|p2a: Bernie Landers|Intimidate|boost
|-unboost|p1a: Landorus|atk|1
|turn|1
|
|t:|1663524808
|move|p1a: Landorus|Knock Off|p2a: Bernie Landers
|-damage|p2a: Bernie Landers|87/100
|-damage|p1a: Landorus|84/100|[from] item: Rocky Helmet|[of] p2a: Bernie Landers
|-enditem|p2a: Bernie Landers|Rocky Helmet|[from] move: Knock Off|[of] p1a: Landorus
|move|p2a: Bernie Landers|Toxic|p1a: Landorus
|-status|p1a: Landorus|tox
|
|-heal|p1a: Landorus|90/100 tox|[from] item: Leftovers
|-damage|p1a: Landorus|84/100 tox|[from] psn
|upkeep
|turn|2
|
|t:|1663524812
|move|p1a: Landorus|Stealth Rock|p2a: Bernie Landers
|-sidestart|p2: NeoNaruto®++|move: Stealth Rock
|move|p2a: Bernie Landers|Knock Off|p1a: Landorus
|-damage|p1a: Landorus|63/100 tox
|-enditem|p1a: Landorus|Leftovers|[from] move: Knock Off|[of] p2a: Bernie Landers
|
|-damage|p1a: Landorus|51/100 tox|[from] psn
|upkeep
|turn|3
|
|t:|1663524816
|move|p1a: Landorus|U-turn|p2a: Bernie Landers
|-resisted|p2a: Bernie Landers
|-damage|p2a: Bernie Landers|81/100
|
|t:|1663524820
|switch|p1a: Zapdos|Zapdos|100/100|[from]move: U-turn
|move|p2a: Bernie Landers|Stealth Rock|p1a: Zapdos
|-sidestart|p1: Antonazz|move: Stealth Rock
|
|upkeep
|turn|4
|
|t:|1663524827
|switch|p1a: Ferrothorn|Ferrothorn, M|100/100
|-damage|p1a: Ferrothorn|95/100|[from] Stealth Rock
|switch|p2a: DA LAST REX(3005)|Tyranitar, M|100/100
|-damage|p2a: DA LAST REX(3005)|88/100|[from] Stealth Rock
|-weather|Sandstorm|[from] ability: Sand Stream|[of] p2a: DA LAST REX(3005)
|
|-weather|Sandstorm|[upkeep]
|-heal|p1a: Ferrothorn|100/100|[from] item: Leftovers
|upkeep
|turn|5
|
|t:|1663524833
|switch|p2a: PURRP FOR SALE|Darmanitan, M|100/100
|-damage|p2a: PURRP FOR SALE|76/100|[from] Stealth Rock
|move|p1a: Ferrothorn|Body Press|p2a: PURRP FOR SALE
|-damage|p2a: PURRP FOR SALE|39/100
|
|-weather|Sandstorm|[upkeep]
|-damage|p2a: PURRP FOR SALE|33/100|[from] Sandstorm
|upkeep
|turn|6
|
|t:|1663524840
|switch|p1a: Tapu Fini|Tapu Fini|100/100
|-damage|p1a: Tapu Fini|88/100|[from] Stealth Rock
|-fieldstart|move: Misty Terrain|[from] ability: Misty Surge|[of] p1a: Tapu Fini
|move|p2a: PURRP FOR SALE|Flare Blitz|p1a: Tapu Fini
|-resisted|p1a: Tapu Fini
|-damage|p1a: Tapu Fini|26/100
|-damage|p2a: PURRP FOR SALE|14/100|[from] Recoil
|
|-weather|Sandstorm|[upkeep]
|-damage|p1a: Tapu Fini|20/100|[from] Sandstorm
|-damage|p2a: PURRP FOR SALE|8/100|[from] Sandstorm
|upkeep
|turn|7
|
|t:|1663524849
|move|p1a: Tapu Fini|Moonblast|p2a: PURRP FOR SALE
|-resisted|p2a: PURRP FOR SALE
|-damage|p2a: PURRP FOR SALE|0 fnt
|faint|p2a: PURRP FOR SALE
|
|-weather|Sandstorm|[upkeep]
|-damage|p1a: Tapu Fini|13/100|[from] Sandstorm
|upkeep
|
|t:|1663524857
|switch|p2a: Fat Charizard|Dragonite, F, shiny|100/100
|turn|8
|
|t:|1663524868
|move|p2a: Fat Charizard|Extreme Speed|p1a: Tapu Fini
|-damage|p1a: Tapu Fini|0 fnt
|faint|p1a: Tapu Fini
|
|-weather|none
|upkeep
|
|t:|1663524875
|switch|p1a: Zapdos|Zapdos|100/100
|turn|9
|
|t:|1663524878
|switch|p2a: DA LAST REX(3005)|Tyranitar, M|88/100
|-damage|p2a: DA LAST REX(3005)|76/100|[from] Stealth Rock
|-weather|Sandstorm|[from] ability: Sand Stream|[of] p2a: DA LAST REX(3005)
|move|p1a: Zapdos|Toxic|p2a: DA LAST REX(3005)
|-activate|p2a: DA LAST REX(3005)|move: Misty Terrain
|
|-weather|Sandstorm|[upkeep]
|-damage|p1a: Zapdos|94/100|[from] Sandstorm
|upkeep
|turn|10
|
|t:|1663524885
|move|p1a: Zapdos|Volt Switch|p2a: DA LAST REX(3005)
|-damage|p2a: DA LAST REX(3005)|65/100
|
|t:|1663524889
|switch|p1a: Ferrothorn|Ferrothorn, M|100/100|[from]move: Volt Switch
|-damage|p1a: Ferrothorn|95/100|[from] Stealth Rock
|move|p2a: DA LAST REX(3005)|Fire Blast|p1a: Ferrothorn
|-supereffective|p1a: Ferrothorn
|-damage|p1a: Ferrothorn|23/100
|
|-weather|Sandstorm|[upkeep]
|-heal|p1a: Ferrothorn|29/100|[from] item: Leftovers
|-fieldend|Misty Terrain
|upkeep
|turn|11
|
|t:|1663524897
|switch|p1a: Victini|Victini|100/100
|move|p2a: DA LAST REX(3005)|Fire Blast|p1a: Victini
|-resisted|p1a: Victini
|-damage|p1a: Victini|86/100
|
|-weather|Sandstorm|[upkeep]
|-damage|p1a: Victini|80/100|[from] Sandstorm
|upkeep
|turn|12
|
|t:|1663524902
|switch|p2a: Bernie Landers|Landorus-Therian, M|81/100
|-damage|p2a: Bernie Landers|69/100|[from] Stealth Rock
|-ability|p2a: Bernie Landers|Intimidate|boost
|-unboost|p1a: Victini|atk|1
|move|p1a: Victini|U-turn|p2a: Bernie Landers
|-resisted|p2a: Bernie Landers
|-damage|p2a: Bernie Landers|64/100
|
|t:|1663524908
|switch|p1a: Dragapult|Dragapult, F|100/100|[from]move: U-turn
|-damage|p1a: Dragapult|88/100|[from] Stealth Rock
|
|-weather|Sandstorm|[upkeep]
|-damage|p1a: Dragapult|82/100|[from] Sandstorm
|upkeep
|turn|13
|
|t:|1663524910
|switch|p2a: RX PAPi|Ferrothorn, F|100/100
|-damage|p2a: RX PAPi|94/100|[from] Stealth Rock
|move|p1a: Dragapult|Draco Meteor|p2a: RX PAPi
|-resisted|p2a: RX PAPi
|-damage|p2a: RX PAPi|57/100
|-unboost|p1a: Dragapult|spa|2
|
|-weather|none
|upkeep
|turn|14
|
|t:|1663524920
|switch|p1a: Victini|Victini|80/100
|switch|p2a: VODECi|Tapu Koko|100/100
|-damage|p2a: VODECi|88/100|[from] Stealth Rock
|-fieldstart|move: Electric Terrain|[from] ability: Electric Surge|[of] p2a: VODECi
|
|upkeep
|turn|15
|
|t:|1663524928
|move|p2a: VODECi|Volt Switch|p1a: Victini
|-damage|p1a: Victini|22/100
|
|t:|1663524931
|switch|p2a: Bernie Landers|Landorus-Therian, M|64/100|[from]move: Volt Switch
|-damage|p2a: Bernie Landers|52/100|[from] Stealth Rock
|-ability|p2a: Bernie Landers|Intimidate|boost
|-unboost|p1a: Victini|atk|1
|move|p1a: Victini|V-create|p2a: Bernie Landers
|-crit|p2a: Bernie Landers
|-damage|p2a: Bernie Landers|0 fnt
|-unboost|p1a: Victini|spe|1
|-unboost|p1a: Victini|def|1
|-unboost|p1a: Victini|spd|1
|faint|p2a: Bernie Landers
|
|upkeep
|
|t:|1663524935
|switch|p2a: VODECi|Tapu Koko|88/100
|-damage|p2a: VODECi|76/100|[from] Stealth Rock
|turn|16
|
|t:|1663524939
|switch|p1a: Ferrothorn|Ferrothorn, M|29/100
|-damage|p1a: Ferrothorn|23/100|[from] Stealth Rock
|move|p2a: VODECi|Dazzling Gleam|p1a: Ferrothorn
|-resisted|p1a: Ferrothorn
|-damage|p1a: Ferrothorn|4/100
|
|-heal|p1a: Ferrothorn|10/100|[from] item: Leftovers
|upkeep
|turn|17
|
|t:|1663524944
|move|p2a: VODECi|Dazzling Gleam|p1a: Ferrothorn
|-resisted|p1a: Ferrothorn
|-damage|p1a: Ferrothorn|0 fnt
|faint|p1a: Ferrothorn
|
|upkeep
|
|t:|1663524956
|switch|p1a: Dragapult|Dragapult, F|82/100
|-damage|p1a: Dragapult|70/100|[from] Stealth Rock
|turn|18
|
|t:|1663524965
|switch|p2a: DA LAST REX(3005)|Tyranitar, M|65/100
|-damage|p2a: DA LAST REX(3005)|53/100|[from] Stealth Rock
|-weather|Sandstorm|[from] ability: Sand Stream|[of] p2a: DA LAST REX(3005)
|move|p1a: Dragapult|Shadow Ball|p2a: DA LAST REX(3005)
|-resisted|p2a: DA LAST REX(3005)
|-damage|p2a: DA LAST REX(3005)|45/100
|
|-weather|Sandstorm|[upkeep]
|-damage|p1a: Dragapult|64/100|[from] Sandstorm
|-fieldend|move: Electric Terrain
|upkeep
|turn|19
|
|t:|1663524972
|switch|p1a: Landorus|Landorus-Therian, M|51/100 tox
|-damage|p1a: Landorus|39/100 tox|[from] Stealth Rock
|-ability|p1a: Landorus|Intimidate|boost
|-unboost|p2a: DA LAST REX(3005)|atk|1
|move|p2a: DA LAST REX(3005)|Stone Edge|p1a: Landorus
|-damage|p1a: Landorus|10/100 tox
|
|-weather|Sandstorm|[upkeep]
|-damage|p1a: Landorus|4/100 tox|[from] psn
|upkeep
|turn|20
|
|t:|1663524977
|switch|p2a: RX PAPi|Ferrothorn, F|57/100
|-damage|p2a: RX PAPi|50/100|[from] Stealth Rock
|move|p1a: Landorus|Knock Off|p2a: RX PAPi
|-damage|p2a: RX PAPi|32/100
|-damage|p1a: Landorus|0 fnt|[from] ability: Iron Barbs|[of] p2a: RX PAPi
|faint|p1a: Landorus
|
|-weather|Sandstorm|[upkeep]
|upkeep
|
|t:|1663524989
|switch|p1a: Victini|Victini|22/100
|turn|21
|
|t:|1663524992
|move|p1a: Victini|V-create|p2a: RX PAPi
|-supereffective|p2a: RX PAPi
|-damage|p2a: RX PAPi|0 fnt
|-unboost|p1a: Victini|spe|1
|-unboost|p1a: Victini|def|1
|-unboost|p1a: Victini|spd|1
|-damage|p1a: Victini|10/100|[from] ability: Iron Barbs|[of] p2a: RX PAPi
|-damage|p1a: Victini|0 fnt|[from] item: Rocky Helmet|[of] p2a: RX PAPi
|faint|p2a: RX PAPi
|faint|p1a: Victini
|
|-weather|Sandstorm|[upkeep]
|upkeep
|
|t:|1663525001
|switch|p1a: Zapdos|Zapdos|94/100
|switch|p2a: VODECi|Tapu Koko|76/100
|-damage|p2a: VODECi|63/100|[from] Stealth Rock
|-fieldstart|move: Electric Terrain|[from] ability: Electric Surge|[of] p2a: VODECi
|turn|22
|
|t:|1663525006
|move|p2a: VODECi|Thunderbolt|p1a: Zapdos
|-damage|p1a: Zapdos|18/100
|move|p1a: Zapdos|Toxic|p2a: VODECi
|-status|p2a: VODECi|tox
|
|-weather|none
|-damage|p2a: VODECi|57/100 tox|[from] psn
|upkeep
|turn|23
|
|t:|1663525011
|switch|p1a: Dragapult|Dragapult, F|64/100
|-damage|p1a: Dragapult|52/100|[from] Stealth Rock
|move|p2a: VODECi|Thunderbolt|p1a: Dragapult
|-resisted|p1a: Dragapult
|-damage|p1a: Dragapult|0 fnt
|faint|p1a: Dragapult
|
|-damage|p2a: VODECi|45/100 tox|[from] psn
|upkeep
|-message|Antonazz forfeited.
|
|win|NeoNaruto®++
