|inactive|Battle timer is ON: inactive players will automatically lose when time's up.
|t:|1631969941
|gametype|singles
|player|p1|ben klomp|unknown|
|player|p2|lonietzzz|pokemonbreederf|
|teamsize|p1|6
|teamsize|p2|6
|gen|8
|tier|[Gen 8] OU
|rule|Sleep Clause Mod: Limit one foe put to sleep
|rule|Species Clause: Limit one of each Pokémon
|rule|OHKO Clause: OHKO moves are banned
|rule|Evasion Moves Clause: Evasion moves are banned
|rule|Endless Battle Clause: Forcing endless battles is banned
|rule|HP Percentage Mod: HP is shown in percentages
|rule|Dynamax Clause: You cannot dynamax
|clearpoke
|poke|p1|Urshifu-*, M|
|poke|p1|Volcarona, F|
|poke|p1|Clefable, M|
|poke|p1|Toxapex, F|
|poke|p1|Corviknight, M|
|poke|p1|Garchomp, M|
|poke|p2|Melmetal|
|poke|p2|Tapu Lele|
|poke|p2|Weavile, F|
|poke|p2|Landorus-Therian, M|
|poke|p2|Heatran, F|
|poke|p2|Slowbro, M|
|teampreview
|inactive|ben klomp also wants the timer to be on.
|c|☆ben klomp|hf
|c|☆lonietzzz|hf
|inactive|ben klomp has 270 seconds left.
|inactive|ben klomp has 240 seconds left.
|inactive|ben klomp has 210 seconds left.
|c|☆ben klomp|!calc
|c| ben klomp|/raw <div class="infobox">Pok&eacute;mon Showdown! damage calculator. (Courtesy of Honko &amp; Austin)<br />- <a href="https://calc.pokemonshowdown.com/index.html">Damage Calculator</a></div>
|
|t:|1631970048
|start
|switch|p1a: Toxapex|Toxapex, F|100/100
|switch|p2a: Tapu Lele|Tapu Lele|100/100
|-fieldstart|move: Psychic Terrain|[from] ability: Psychic Surge|[of] p2a: Tapu Lele
|turn|1
|inactive|lonietzzz has 270 seconds left.
|inactive|lonietzzz has 240 seconds left.
|
|t:|1631970113
|switch|p2a: Landorus|Landorus-Therian, M|100/100
|-ability|p2a: Landorus|Intimidate|boost
|-unboost|p1a: Toxapex|atk|1
|move|p1a: Toxapex|Knock Off|p2a: Landorus
|-damage|p2a: Landorus|90/100
|-enditem|p2a: Landorus|Leftovers|[from] move: Knock Off|[of] p1a: Toxapex
|
|upkeep
|turn|2
|inactive|ben klomp has 270 seconds left.
|inactive|lonietzzz has 240 seconds left.
|
|t:|1631970125
|move|p2a: Landorus|Knock Off|p1a: Toxapex
|-damage|p1a: Toxapex|76/100
|-enditem|p1a: Toxapex|Payapa Berry|[from] move: Knock Off|[of] p2a: Landorus
|move|p1a: Toxapex|Toxic Spikes|p2a: Landorus
|-sidestart|p2: lonietzzz|move: Toxic Spikes
|
|upkeep
|turn|3
|
|t:|1631970135
|switch|p1a: Corviknight|Corviknight, M|100/100
|-ability|p1a: Corviknight|Pressure
|move|p2a: Landorus|Defog|p1a: Corviknight
|-unboost|p1a: Corviknight|evasion|1
|-sideend|p2: lonietzzz|Toxic Spikes|[from] move: Defog|[of] p2a: Landorus
|-fieldend|move: Psychic Terrain
|
|upkeep
|turn|4
|inactive|ben klomp has 270 seconds left.
|
|t:|1631970171
|move|p2a: Landorus|Knock Off|p1a: Corviknight
|-damage|p1a: Corviknight|80/100
|-enditem|p1a: Corviknight|Shed Shell|[from] move: Knock Off|[of] p2a: Landorus
|move|p1a: Corviknight|Body Press|p2a: Landorus
|-resisted|p2a: Landorus
|-damage|p2a: Landorus|79/100
|
|upkeep
|turn|5
|inactive|lonietzzz has 240 seconds left.
|
|t:|1631970192
|move|p2a: Landorus|U-turn|p1a: Corviknight
|-resisted|p1a: Corviknight
|-damage|p1a: Corviknight|76/100
|inactive|lonietzzz has 240 seconds left.
|
|t:|1631970200
|switch|p2a: Slowbro|Slowbro, M|100/100|[from]move: U-turn
|move|p1a: Corviknight|Roost|p1a: Corviknight
|-heal|p1a: Corviknight|100/100
|-singleturn|p1a: Corviknight|move: Roost
|
|upkeep
|turn|6
|inactive|ben klomp has 270 seconds left.
|
|t:|1631970217
|switch|p1a: Toxapex|Toxapex, F|100/100
|move|p2a: Slowbro|Teleport|p2a: Slowbro
|
|t:|1631970227
|switch|p2a: Tapu Lele|Tapu Lele|100/100|[from]move: Teleport
|-fieldstart|move: Psychic Terrain|[from] ability: Psychic Surge|[of] p2a: Tapu Lele
|
|upkeep
|turn|7
|
|t:|1631970231
|switch|p1a: Corviknight|Corviknight, M|100/100
|-ability|p1a: Corviknight|Pressure
|move|p2a: Tapu Lele|Psychic|p1a: Corviknight
|-resisted|p1a: Corviknight
|-damage|p1a: Corviknight|57/100
|
|upkeep
|turn|8
|
|t:|1631970237
|move|p2a: Tapu Lele|Psychic|p1a: Corviknight
|-resisted|p1a: Corviknight
|-damage|p1a: Corviknight|19/100
|move|p1a: Corviknight|Roost|p1a: Corviknight
|-heal|p1a: Corviknight|69/100
|-singleturn|p1a: Corviknight|move: Roost
|
|upkeep
|turn|9
|
|t:|1631970241
|switch|p2a: Heatran|Heatran, F|100/100
|move|p1a: Corviknight|Roost|p1a: Corviknight
|-heal|p1a: Corviknight|100/100
|-singleturn|p1a: Corviknight|move: Roost
|
|upkeep
|turn|10
|
|t:|1631970246
|switch|p1a: Garchomp|Garchomp, M|100/100
|move|p2a: Heatran|Stealth Rock|p1a: Garchomp
|-sidestart|p1: ben klomp|move: Stealth Rock
|
|-fieldend|move: Psychic Terrain
|upkeep
|turn|11
|
|t:|1631970263
|switch|p2a: Landorus|Landorus-Therian, M|79/100
|-ability|p2a: Landorus|Intimidate|boost
|-unboost|p1a: Garchomp|atk|1
|move|p1a: Garchomp|Earthquake|p2a: Landorus
|-immune|p2a: Landorus
|
|upkeep
|turn|12
|inactive|lonietzzz has 270 seconds left.
|
|t:|1631970283
|switch|p1a: Corviknight|Corviknight, M|100/100
|-damage|p1a: Corviknight|88/100|[from] Stealth Rock
|-ability|p1a: Corviknight|Pressure
|move|p2a: Landorus|U-turn|p1a: Corviknight
|-resisted|p1a: Corviknight
|-crit|p1a: Corviknight
|-damage|p1a: Corviknight|83/100
|
|t:|1631970289
|switch|p2a: Heatran|Heatran, F|100/100|[from]move: U-turn
|
|upkeep
|turn|13
|inactive|lonietzzz has 270 seconds left.
|
|t:|1631970300
|switch|p1a: Garchomp|Garchomp, M|100/100
|-damage|p1a: Garchomp|94/100|[from] Stealth Rock
|move|p2a: Heatran|Magma Storm|p1a: Garchomp
|-resisted|p1a: Garchomp
|-damage|p1a: Garchomp|71/100
|-activate|p1a: Garchomp|move: Magma Storm|[of] p2a: Heatran
|
|-heal|p1a: Garchomp|77/100|[from] item: Leftovers
|-damage|p1a: Garchomp|65/100|[from] move: Magma Storm|[partiallytrapped]
|upkeep
|turn|14
|
|t:|1631970309
|switch|p2a: Landorus|Landorus-Therian, M|79/100
|-ability|p2a: Landorus|Intimidate|boost
|-unboost|p1a: Garchomp|atk|1
|move|p1a: Garchomp|Toxic|p2a: Landorus
|-status|p2a: Landorus|tox
|
|-heal|p1a: Garchomp|71/100|[from] item: Leftovers
|-damage|p2a: Landorus|73/100 tox|[from] psn
|-end|p1a: Garchomp|Magma Storm|[partiallytrapped]|[silent]
|upkeep
|turn|15
|inactive|ben klomp has 270 seconds left.
|
|t:|1631970339
|move|p1a: Garchomp|Rock Slide|p2a: Landorus
|-damage|p2a: Landorus|56/100 tox
|move|p2a: Landorus|U-turn|p1a: Garchomp
|-damage|p1a: Garchomp|49/100
|-damage|p2a: Landorus|43/100 tox|[from] ability: Rough Skin|[of] p1a: Garchomp
|inactive|lonietzzz has 270 seconds left.
|inactive|lonietzzz has 240 seconds left.
|
|t:|1631970407
|switch|p2a: Melmetal|Melmetal|100/100|[from]move: U-turn
|
|-heal|p1a: Garchomp|55/100|[from] item: Leftovers
|upkeep
|turn|16
|
|t:|1631970414
|switch|p1a: Toxapex|Toxapex, F|100/100
|-damage|p1a: Toxapex|88/100|[from] Stealth Rock
|move|p2a: Melmetal|Double Iron Bash|p1a: Toxapex
|-resisted|p1a: Toxapex
|-damage|p1a: Toxapex|64/100
|-resisted|p1a: Toxapex
|-damage|p1a: Toxapex|40/100
|-hitcount|p1a: Toxapex|2
|
|upkeep
|turn|17
|
|t:|1631970428
|switch|p1a: Volcarona|Volcarona, F|100/100
|move|p2a: Melmetal|Double Iron Bash|p1a: Volcarona
|-resisted|p1a: Volcarona
|-damage|p1a: Volcarona|70/100
|-resisted|p1a: Volcarona
|-damage|p1a: Volcarona|42/100
|-hitcount|p1a: Volcarona|2
|
|upkeep
|turn|18
|
|t:|1631970438
|switch|p2a: Heatran|Heatran, F|100/100
|move|p1a: Volcarona|Roost|p1a: Volcarona
|-heal|p1a: Volcarona|92/100
|-singleturn|p1a: Volcarona|move: Roost
|
|upkeep
|turn|19
|
|t:|1631970448
|switch|p1a: Urshifu|Urshifu-Rapid-Strike, M|100/100
|-damage|p1a: Urshifu|94/100|[from] Stealth Rock
|move|p2a: Heatran|Magma Storm|p1a: Urshifu
|-resisted|p1a: Urshifu
|-damage|p1a: Urshifu|60/100
|-activate|p1a: Urshifu|move: Magma Storm|[of] p2a: Heatran
|
|-damage|p1a: Urshifu|48/100|[from] move: Magma Storm|[partiallytrapped]
|upkeep
|turn|20
|
|t:|1631970456
|switch|p2a: Slowbro|Slowbro, M|100/100
|move|p1a: Urshifu|Whirlpool|p2a: Slowbro
|-resisted|p2a: Slowbro
|-crit|p2a: Slowbro
|-damage|p2a: Slowbro|95/100
|-activate|p2a: Slowbro|move: Whirlpool|[of] p1a: Urshifu
|
|-end|p1a: Urshifu|Magma Storm|[partiallytrapped]|[silent]
|-damage|p2a: Slowbro|83/100|[from] move: Whirlpool|[partiallytrapped]
|upkeep
|turn|21
|
|t:|1631970462
|move|p1a: Urshifu|Taunt|p2a: Slowbro
|-start|p2a: Slowbro|move: Taunt
|move|p2a: Slowbro|Future Sight|p1a: Urshifu
|-start|p2a: Slowbro|move: Future Sight
|
|-damage|p2a: Slowbro|70/100|[from] move: Whirlpool|[partiallytrapped]
|upkeep
|turn|22
|
|t:|1631970472
|switch|p1a: Clefable|Clefable, M|100/100
|-damage|p1a: Clefable|88/100|[from] Stealth Rock
|move|p2a: Slowbro|Scald|p1a: Clefable
|-damage|p1a: Clefable|64/100
|-status|p1a: Clefable|brn
|
|-heal|p1a: Clefable|70/100 brn|[from] item: Leftovers
|-damage|p1a: Clefable|64/100 brn|[from] brn
|-end|p2a: Slowbro|Whirlpool|[partiallytrapped]|[silent]
|upkeep
|turn|23
|inactive|lonietzzz has 270 seconds left.
|
|t:|1631970490
|switch|p2a: Melmetal|Melmetal|100/100
|move|p1a: Clefable|Wish|p1a: Clefable
|
|-end|p1a: Clefable|move: Future Sight
|-damage|p1a: Clefable|29/100 brn
|-heal|p1a: Clefable|35/100 brn|[from] item: Leftovers
|-damage|p1a: Clefable|29/100 brn|[from] brn
|upkeep
|turn|24
|
|t:|1631970500
|switch|p2a: Heatran|Heatran, F|100/100
|move|p1a: Clefable|Protect||[still]
|-fail|p1a: Clefable
|
|-heal|p1a: Clefable|79/100 brn|[from] move: Wish|[wisher] Clefable
|-heal|p1a: Clefable|85/100 brn|[from] item: Leftovers
|-damage|p1a: Clefable|79/100 brn|[from] brn
|upkeep
|turn|25
|
|t:|1631970512
|switch|p1a: Garchomp|Garchomp, M|55/100
|-damage|p1a: Garchomp|49/100|[from] Stealth Rock
|move|p2a: Heatran|Magma Storm|p1a: Garchomp
|-resisted|p1a: Garchomp
|-damage|p1a: Garchomp|25/100
|-activate|p1a: Garchomp|move: Magma Storm|[of] p2a: Heatran
|
|-heal|p1a: Garchomp|31/100|[from] item: Leftovers
|-damage|p1a: Garchomp|18/100|[from] move: Magma Storm|[partiallytrapped]
|upkeep
|turn|26
|
|t:|1631970517
|switch|p2a: Landorus|Landorus-Therian, M|43/100 tox
|-ability|p2a: Landorus|Intimidate|boost
|-unboost|p1a: Garchomp|atk|1
|move|p1a: Garchomp|Toxic|p2a: Landorus
|-fail|p2a: Landorus|tox
|
|-heal|p1a: Garchomp|25/100|[from] item: Leftovers
|-damage|p2a: Landorus|37/100 tox|[from] psn
|-end|p1a: Garchomp|Magma Storm|[partiallytrapped]|[silent]
|upkeep
|turn|27
|inactive|lonietzzz has 270 seconds left.
|
|t:|1631970538
|switch|p1a: Corviknight|Corviknight, M|83/100
|-damage|p1a: Corviknight|70/100|[from] Stealth Rock
|-ability|p1a: Corviknight|Pressure
|move|p2a: Landorus|U-turn|p1a: Corviknight
|-resisted|p1a: Corviknight
|-damage|p1a: Corviknight|66/100
|inactive|lonietzzz has 270 seconds left.
|
|t:|1631970543
|switch|p2a: Heatran|Heatran, F|100/100|[from]move: U-turn
|
|upkeep
|turn|28
|inactive|ben klomp has 270 seconds left.
|inactive|ben klomp has 240 seconds left.
|
|t:|1631970624
|move|p2a: Heatran|Magma Storm|p1a: Corviknight
|-supereffective|p1a: Corviknight
|-damage|p1a: Corviknight|0 fnt
|faint|p1a: Corviknight
|
|upkeep
|
|t:|1631970635
|switch|p1a: Garchomp|Garchomp, M|25/100
|-damage|p1a: Garchomp|18/100|[from] Stealth Rock
|turn|29
|
|t:|1631970644
|switch|p2a: Landorus|Landorus-Therian, M|37/100 tox
|-ability|p2a: Landorus|Intimidate|boost
|-unboost|p1a: Garchomp|atk|1
|move|p1a: Garchomp|Toxic|p2a: Landorus
|-fail|p2a: Landorus|tox
|
|-heal|p1a: Garchomp|25/100|[from] item: Leftovers
|-damage|p2a: Landorus|31/100 tox|[from] psn
|upkeep
|turn|30
|
|t:|1631970669
|move|p1a: Garchomp|Rock Slide|p2a: Landorus
|-damage|p2a: Landorus|13/100 tox
|move|p2a: Landorus|Earthquake|p1a: Garchomp
|-damage|p1a: Garchomp|0 fnt
|faint|p1a: Garchomp
|
|-damage|p2a: Landorus|1/100 tox|[from] psn
|upkeep
|inactive|ben klomp has 210 seconds left.
|
|t:|1631970705
|switch|p1a: Urshifu|Urshifu-Rapid-Strike, M|48/100
|-damage|p1a: Urshifu|42/100|[from] Stealth Rock
|turn|31
|
|t:|1631970725
|switch|p1a: Toxapex|Toxapex, F|73/100
|-damage|p1a: Toxapex|60/100|[from] Stealth Rock
|switch|p2a: Slowbro|Slowbro, M|100/100
|
|upkeep
|turn|32
|
|t:|1631970735
|switch|p2a: Tapu Lele|Tapu Lele|100/100
|-fieldstart|move: Psychic Terrain|[from] ability: Psychic Surge|[of] p2a: Tapu Lele
|move|p1a: Toxapex|Toxic Spikes|p2a: Tapu Lele
|-sidestart|p2: lonietzzz|move: Toxic Spikes
|
|upkeep
|turn|33
|inactive|ben klomp has 180 seconds left.
|inactive|ben klomp has 150 seconds left.
|inactive|ben klomp has 120 seconds left.
|
|t:|1631970845
|move|p2a: Tapu Lele|Psychic|p1a: Toxapex
|-supereffective|p1a: Toxapex
|-damage|p1a: Toxapex|0 fnt
|faint|p1a: Toxapex
|
|upkeep
|inactive|ben klomp has 90 seconds left.
|
|t:|1631970881
|switch|p1a: Urshifu|Urshifu-Rapid-Strike, M|42/100
|-damage|p1a: Urshifu|36/100|[from] Stealth Rock
|turn|34
|
|t:|1631970888
|switch|p2a: Slowbro|Slowbro, M|100/100
|-status|p2a: Slowbro|psn
|move|p1a: Urshifu|Surging Strikes|p2a: Slowbro
|-resisted|p2a: Slowbro
|-crit|p2a: Slowbro
|-damage|p2a: Slowbro|94/100 psn
|-resisted|p2a: Slowbro
|-crit|p2a: Slowbro
|-damage|p2a: Slowbro|89/100 psn
|-resisted|p2a: Slowbro
|-crit|p2a: Slowbro
|-damage|p2a: Slowbro|83/100 psn
|-hitcount|p2a: Slowbro|3
|
|-damage|p2a: Slowbro|71/100 psn|[from] psn
|upkeep
|turn|35
|
|t:|1631970897
|switch|p1a: Clefable|Clefable, M|79/100 brn
|-damage|p1a: Clefable|67/100 brn|[from] Stealth Rock
|move|p2a: Slowbro|Future Sight|p1a: Clefable
|-start|p2a: Slowbro|move: Future Sight
|
|-heal|p1a: Clefable|73/100 brn|[from] item: Leftovers
|-damage|p2a: Slowbro|59/100 psn|[from] psn
|-damage|p1a: Clefable|67/100 brn|[from] brn
|upkeep
|turn|36
|inactive|ben klomp has 90 seconds left.
|
|t:|1631970909
|switch|p2a: Melmetal|Melmetal|100/100
|move|p1a: Clefable|Wish|p1a: Clefable
|
|-heal|p1a: Clefable|73/100 brn|[from] item: Leftovers
|-damage|p1a: Clefable|67/100 brn|[from] brn
|-fieldend|move: Psychic Terrain
|upkeep
|turn|37
|inactive|ben klomp has 90 seconds left.
|inactive|lonietzzz has 270 seconds left.
|
|t:|1631970955
|switch|p2a: Heatran|Heatran, F|100/100
|switch|p1a: Volcarona|Volcarona, F|92/100
|
|-end|p1a: Volcarona|move: Future Sight
|-damage|p1a: Volcarona|60/100
|-heal|p1a: Volcarona|100/100|[from] move: Wish|[wisher] Clefable
|upkeep
|turn|38
|
|t:|1631970969
|switch|p1a: Urshifu|Urshifu-Rapid-Strike, M|36/100
|-damage|p1a: Urshifu|29/100|[from] Stealth Rock
|move|p2a: Heatran|Magma Storm|p1a: Urshifu|[miss]
|-miss|p2a: Heatran|p1a: Urshifu
|
|upkeep
|turn|39
|inactive|lonietzzz has 240 seconds left.
|
|t:|1631971006
|switch|p1a: Volcarona|Volcarona, F|100/100
|switch|p2a: Slowbro|Slowbro, M|92/100 psn
|
|-damage|p2a: Slowbro|79/100 psn|[from] psn
|upkeep
|turn|40
|
|t:|1631971016
|switch|p2a: Heatran|Heatran, F|100/100
|move|p1a: Volcarona|Quiver Dance|p1a: Volcarona
|-boost|p1a: Volcarona|spa|1
|-boost|p1a: Volcarona|spd|1
|-boost|p1a: Volcarona|spe|1
|
|upkeep
|turn|41
|
|t:|1631971025
|move|p1a: Volcarona|Safeguard|p1a: Volcarona
|-sidestart|p1: ben klomp|Safeguard
|move|p2a: Heatran|Taunt|p1a: Volcarona
|-start|p1a: Volcarona|move: Taunt
|
|upkeep
|turn|42
|inactive|ben klomp has 90 seconds left.
|inactive|lonietzzz has 240 seconds left.
|inactive|lonietzzz has 210 seconds left.
|inactive|ben klomp has 60 seconds left.
|inactive|lonietzzz has 180 seconds left.
|
|t:|1631971106
|switch|p2a: Tapu Lele|Tapu Lele|100/100
|-status|p2a: Tapu Lele|psn
|-fieldstart|move: Psychic Terrain|[from] ability: Psychic Surge|[of] p2a: Tapu Lele
|move|p1a: Volcarona|Flamethrower|p2a: Tapu Lele
|-crit|p2a: Tapu Lele
|-damage|p2a: Tapu Lele|10/100 psn
|
|-damage|p2a: Tapu Lele|0 fnt|[from] psn
|faint|p2a: Tapu Lele
|upkeep
|inactive|lonietzzz has 180 seconds left.
|inactive|lonietzzz has 150 seconds left.
|
|t:|1631971144
|switch|p2a: Slowbro|Slowbro, M|100/100 psn
|turn|43
|
|t:|1631971148
|move|p1a: Volcarona|Flamethrower|p2a: Slowbro
|-resisted|p2a: Slowbro
|-damage|p2a: Slowbro|69/100 psn
|move|p2a: Slowbro|Future Sight|p1a: Volcarona
|-start|p2a: Slowbro|move: Future Sight
|
|-damage|p2a: Slowbro|57/100 psn|[from] psn
|upkeep
|turn|44
|
|t:|1631971153
|switch|p2a: Heatran|Heatran, F|100/100
|move|p1a: Volcarona|Flamethrower|p2a: Heatran
|-start|p2a: Heatran|ability: Flash Fire
|
|-end|p1a: Volcarona|move: Taunt
|upkeep
|turn|45
|inactive|ben klomp has 90 seconds left.
|
|t:|1631971163
|move|p1a: Volcarona|Quiver Dance|p1a: Volcarona
|-boost|p1a: Volcarona|spa|1
|-boost|p1a: Volcarona|spd|1
|-boost|p1a: Volcarona|spe|1
|move|p2a: Heatran|Taunt|p1a: Volcarona
|-start|p1a: Volcarona|move: Taunt
|
|-end|p1a: Volcarona|move: Future Sight
|-damage|p1a: Volcarona|79/100
|-sideend|p1: ben klomp|Safeguard
|upkeep
|turn|46
|
|t:|1631971167
|move|p1a: Volcarona|Flamethrower|p2a: Heatran
|-immune|p2a: Heatran|[from] ability: Flash Fire
|move|p2a: Heatran|Magma Storm|p1a: Volcarona
|-damage|p1a: Volcarona|51/100
|-activate|p1a: Volcarona|move: Magma Storm|[of] p2a: Heatran
|
|-damage|p1a: Volcarona|39/100|[from] move: Magma Storm|[partiallytrapped]
|-fieldend|move: Psychic Terrain
|upkeep
|turn|47
|
|t:|1631971171
|move|p1a: Volcarona|Flamethrower|p2a: Heatran
|-immune|p2a: Heatran|[from] ability: Flash Fire
|move|p2a: Heatran|Magma Storm|p1a: Volcarona|[miss]
|-miss|p2a: Heatran|p1a: Volcarona
|
|-damage|p1a: Volcarona|27/100|[from] move: Magma Storm|[partiallytrapped]
|upkeep
|turn|48
|
|t:|1631971177
|move|p1a: Volcarona|Flamethrower|p2a: Heatran
|-immune|p2a: Heatran|[from] ability: Flash Fire
|move|p2a: Heatran|Earth Power|p1a: Volcarona
|-damage|p1a: Volcarona|16/100
|
|-damage|p1a: Volcarona|4/100|[from] move: Magma Storm|[partiallytrapped]
|-end|p1a: Volcarona|move: Taunt
|upkeep
|turn|49
|
|t:|1631971182
|move|p1a: Volcarona|Roost|p1a: Volcarona
|-heal|p1a: Volcarona|54/100
|-singleturn|p1a: Volcarona|move: Roost
|move|p2a: Heatran|Taunt|p1a: Volcarona
|-start|p1a: Volcarona|move: Taunt
|
|-damage|p1a: Volcarona|42/100|[from] move: Magma Storm|[partiallytrapped]
|upkeep
|turn|50
|
|t:|1631971189
|move|p1a: Volcarona|Flamethrower|p2a: Heatran
|-immune|p2a: Heatran|[from] ability: Flash Fire
|move|p2a: Heatran|Earth Power|p1a: Volcarona
|-damage|p1a: Volcarona|32/100
|
|-end|p1a: Volcarona|Magma Storm|[partiallytrapped]
|upkeep
|turn|51
|
|t:|1631971201
|move|p1a: Volcarona|Flamethrower|p2a: Heatran
|-immune|p2a: Heatran|[from] ability: Flash Fire
|move|p2a: Heatran|Earth Power|p1a: Volcarona
|-damage|p1a: Volcarona|21/100
|
|upkeep
|turn|52
|
|t:|1631971228
|move|p1a: Volcarona|Flamethrower|p2a: Heatran
|-immune|p2a: Heatran|[from] ability: Flash Fire
|move|p2a: Heatran|Earth Power|p1a: Volcarona
|-damage|p1a: Volcarona|10/100
|
|-end|p1a: Volcarona|move: Taunt
|upkeep
|turn|53
|
|t:|1631971231
|move|p1a: Volcarona|Roost|p1a: Volcarona
|-heal|p1a: Volcarona|60/100
|-singleturn|p1a: Volcarona|move: Roost
|move|p2a: Heatran|Taunt|p1a: Volcarona
|-start|p1a: Volcarona|move: Taunt
|
|upkeep
|turn|54
|
|t:|1631971240
|move|p1a: Volcarona|Flamethrower|p2a: Heatran
|-immune|p2a: Heatran|[from] ability: Flash Fire
|move|p2a: Heatran|Stealth Rock||[still]
|-fail|p2a: Heatran
|
|upkeep
|turn|55
|inactive|ben klomp has 150 seconds left.
|
|t:|1631971256
|move|p1a: Volcarona|Flamethrower|p2a: Heatran
|-immune|p2a: Heatran|[from] ability: Flash Fire
|move|p2a: Heatran|Earth Power|p1a: Volcarona
|-damage|p1a: Volcarona|50/100
|-unboost|p1a: Volcarona|spd|1
|
|upkeep
|turn|56
|
|t:|1631971262
|move|p1a: Volcarona|Flamethrower|p2a: Heatran
|-immune|p2a: Heatran|[from] ability: Flash Fire
|move|p2a: Heatran|Earth Power|p1a: Volcarona
|-damage|p1a: Volcarona|36/100
|
|-end|p1a: Volcarona|move: Taunt
|upkeep
|turn|57
|
|t:|1631971264
|move|p1a: Volcarona|Roost|p1a: Volcarona
|-heal|p1a: Volcarona|86/100
|-singleturn|p1a: Volcarona|move: Roost
|move|p2a: Heatran|Taunt|p1a: Volcarona
|-start|p1a: Volcarona|move: Taunt
|
|upkeep
|turn|58
|
|t:|1631971272
|move|p1a: Volcarona|Flamethrower|p2a: Heatran
|-immune|p2a: Heatran|[from] ability: Flash Fire
|move|p2a: Heatran|Stealth Rock||[still]
|-fail|p2a: Heatran
|
|upkeep
|turn|59
|
|t:|1631971274
|switch|p1a: Urshifu|Urshifu-Rapid-Strike, M|29/100
|-damage|p1a: Urshifu|23/100|[from] Stealth Rock
|move|p2a: Heatran|Stealth Rock||[still]
|-fail|p2a: Heatran
|
|upkeep
|turn|60
|inactive|ben klomp has 180 seconds left.
|inactive|ben klomp has 150 seconds left.
|
|t:|1631971324
|switch|p1a: Clefable|Clefable, M|67/100 brn
|-damage|p1a: Clefable|54/100 brn|[from] Stealth Rock
|-end|p2a: Heatran|ability: Flash Fire|[silent]
|switch|p2a: Landorus|Landorus-Therian, M|1/100 tox
|-ability|p2a: Landorus|Intimidate|boost
|-unboost|p1a: Clefable|atk|1
|
|-heal|p1a: Clefable|60/100 brn|[from] item: Leftovers
|-damage|p2a: Landorus|0 fnt|[from] psn
|faint|p2a: Landorus
|-damage|p1a: Clefable|54/100 brn|[from] brn
|upkeep
|
|t:|1631971332
|switch|p2a: Melmetal|Melmetal|100/100
|turn|61
|
|t:|1631971338
|switch|p2a: Heatran|Heatran, F|100/100
|switch|p1a: Volcarona|Volcarona, F|86/100
|
|upkeep
|turn|62
|
|t:|1631971348
|switch|p1a: Urshifu|Urshifu-Rapid-Strike, M|23/100
|-damage|p1a: Urshifu|17/100|[from] Stealth Rock
|move|p2a: Heatran|Earth Power|p1a: Urshifu
|-damage|p1a: Urshifu|0 fnt
|faint|p1a: Urshifu
|
|upkeep
|
|t:|1631971362
|switch|p1a: Volcarona|Volcarona, F|86/100
|turn|63
|
|t:|1631971367
|move|p1a: Volcarona|Quiver Dance|p1a: Volcarona
|-boost|p1a: Volcarona|spa|1
|-boost|p1a: Volcarona|spd|1
|-boost|p1a: Volcarona|spe|1
|move|p2a: Heatran|Taunt|p1a: Volcarona
|-start|p1a: Volcarona|move: Taunt
|
|upkeep
|turn|64
|
|t:|1631971371
|switch|p1a: Clefable|Clefable, M|54/100 brn
|-damage|p1a: Clefable|42/100 brn|[from] Stealth Rock
|move|p2a: Heatran|Stealth Rock||[still]
|-fail|p2a: Heatran
|
|-heal|p1a: Clefable|48/100 brn|[from] item: Leftovers
|-damage|p1a: Clefable|42/100 brn|[from] brn
|upkeep
|turn|65
|inactive|ben klomp has 180 seconds left.
|
|t:|1631971377
|move|p1a: Clefable|Protect|p1a: Clefable
|-singleturn|p1a: Clefable|Protect
|move|p2a: Heatran|Taunt|p1a: Clefable
|-activate|p1a: Clefable|move: Protect
|
|-heal|p1a: Clefable|48/100 brn|[from] item: Leftovers
|-damage|p1a: Clefable|42/100 brn|[from] brn
|upkeep
|turn|66
|
|t:|1631971381
|move|p2a: Heatran|Taunt|p1a: Clefable
|-start|p1a: Clefable|move: Taunt
|move|p1a: Clefable|Moonblast|p2a: Heatran
|-resisted|p2a: Heatran
|-damage|p2a: Heatran|96/100
|-unboost|p2a: Heatran|spa|1
|
|-heal|p2a: Heatran|100/100|[from] item: Leftovers
|-heal|p1a: Clefable|48/100 brn|[from] item: Leftovers
|-damage|p1a: Clefable|42/100 brn|[from] brn
|upkeep
|turn|67
|
|t:|1631971386
|switch|p2a: Melmetal|Melmetal|100/100
|switch|p1a: Volcarona|Volcarona, F|86/100
|
|upkeep
|turn|68
|
|t:|1631971397
|switch|p2a: Heatran|Heatran, F|100/100
|move|p1a: Volcarona|Flamethrower|p2a: Heatran
|-start|p2a: Heatran|ability: Flash Fire
|
|upkeep
|turn|69
|
|t:|1631971401
|move|p1a: Volcarona|Quiver Dance|p1a: Volcarona
|-boost|p1a: Volcarona|spa|1
|-boost|p1a: Volcarona|spd|1
|-boost|p1a: Volcarona|spe|1
|move|p2a: Heatran|Taunt|p1a: Volcarona
|-start|p1a: Volcarona|move: Taunt
|
|upkeep
|turn|70
|
|t:|1631971408
|move|p1a: Volcarona|Flamethrower|p2a: Heatran
|-immune|p2a: Heatran|[from] ability: Flash Fire
|move|p2a: Heatran|Taunt||[still]
|-fail|p2a: Heatran
|
|upkeep
|turn|71
|
|t:|1631971411
|switch|p1a: Clefable|Clefable, M|42/100 brn
|-damage|p1a: Clefable|29/100 brn|[from] Stealth Rock
|move|p2a: Heatran|Earth Power|p1a: Clefable
|-damage|p1a: Clefable|9/100 brn
|
|-heal|p1a: Clefable|15/100 brn|[from] item: Leftovers
|-damage|p1a: Clefable|9/100 brn|[from] brn
|upkeep
|turn|72
|
|t:|1631971424
|move|p1a: Clefable|Protect|p1a: Clefable
|-singleturn|p1a: Clefable|Protect
|move|p2a: Heatran|Taunt|p1a: Clefable
|-activate|p1a: Clefable|move: Protect
|
|-heal|p1a: Clefable|15/100 brn|[from] item: Leftovers
|-damage|p1a: Clefable|9/100 brn|[from] brn
|upkeep
|turn|73
|
|t:|1631971429
|move|p2a: Heatran|Taunt|p1a: Clefable
|-start|p1a: Clefable|move: Taunt
|cant|p1a: Clefable|move: Taunt|Wish
|
|-heal|p1a: Clefable|15/100 brn|[from] item: Leftovers
|-damage|p1a: Clefable|9/100 brn|[from] brn
|upkeep
|turn|74
|
|t:|1631971433
|move|p2a: Heatran|Taunt||[still]
|-fail|p2a: Heatran
|move|p1a: Clefable|Moonblast|p2a: Heatran
|-resisted|p2a: Heatran
|-damage|p2a: Heatran|95/100
|
|-heal|p2a: Heatran|100/100|[from] item: Leftovers
|-heal|p1a: Clefable|15/100 brn|[from] item: Leftovers
|-damage|p1a: Clefable|9/100 brn|[from] brn
|upkeep
|turn|75
|
|t:|1631971437
|move|p2a: Heatran|Earth Power|p1a: Clefable
|-damage|p1a: Clefable|0 fnt
|faint|p1a: Clefable
|
|upkeep
|
|t:|1631971438
|switch|p1a: Volcarona|Volcarona, F|86/100
|turn|76
|
|t:|1631971441
|move|p1a: Volcarona|Quiver Dance|p1a: Volcarona
|-boost|p1a: Volcarona|spa|1
|-boost|p1a: Volcarona|spd|1
|-boost|p1a: Volcarona|spe|1
|move|p2a: Heatran|Taunt|p1a: Volcarona
|-start|p1a: Volcarona|move: Taunt
|
|upkeep
|turn|77
|
|t:|1631971443
|move|p1a: Volcarona|Flamethrower|p2a: Heatran
|-immune|p2a: Heatran|[from] ability: Flash Fire
|move|p2a: Heatran|Stealth Rock||[still]
|-fail|p2a: Heatran
|
|upkeep
|turn|78
|
|t:|1631971448
|move|p1a: Volcarona|Flamethrower|p2a: Heatran
|-immune|p2a: Heatran|[from] ability: Flash Fire
|move|p2a: Heatran|Stealth Rock||[still]
|-fail|p2a: Heatran
|
|upkeep
|turn|79
|
|t:|1631971451
|move|p1a: Volcarona|Flamethrower|p2a: Heatran
|-immune|p2a: Heatran|[from] ability: Flash Fire
|move|p2a: Heatran|Stealth Rock||[still]
|-fail|p2a: Heatran
|
|-end|p1a: Volcarona|move: Taunt
|upkeep
|turn|80
|c|☆ben klomp|gg
|-message|ben klomp forfeited.
|
|win|lonietzzz
|c|☆lonietzzz|gg
