|inactive|Battle timer is ON: inactive players will automatically lose when time's up.
|t:|1665338898
|gametype|singles
|player|p1|Antonazz|palmer|
|player|p2|Surfy|#lcplxiskittycommittee|
|teamsize|p1|6
|teamsize|p2|6
|gen|8
|tier|[Gen 8] OU
|rule|Sleep Clause Mod: Limit one foe put to sleep
|rule|Species Clause: Limit one of each Pokémon
|rule|OHKO Clause: OHKO moves are banned
|rule|Evasion Items Clause: Evasion items are banned
|rule|Evasion Moves Clause: Evasion moves are banned
|rule|Endless Battle Clause: Forcing endless battles is banned
|rule|HP Percentage Mod: HP is shown in percentages
|rule|Dynamax Clause: You cannot dynamax
|clearpoke
|poke|p1|Dragapult, M|
|poke|p1|Weavile, M|
|poke|p1|Buzzwole|
|poke|p1|Rotom-Wash|
|poke|p1|Heatran, M|
|poke|p1|Landorus-Therian, M|
|poke|p2|Rillaboom, F|
|poke|p2|Tornadus-Therian, M|
|poke|p2|Blaziken, F|
|poke|p2|Melmetal|
|poke|p2|Garchomp, M|
|poke|p2|Slowbro, M|
|teampreview
|c|☆Surfy|hf
|c|☆Antonazz|hf
|
|t:|1665338909
|start
|switch|p1a: Weavile|Weavile, M|100/100
|switch|p2a: Slowbro|Slowbro, M|100/100
|-ability|p1a: Weavile|Pressure
|turn|1
|
|t:|1665338913
|move|p1a: Weavile|Beat Up|p2a: Slowbro
|-supereffective|p2a: Slowbro
|-damage|p2a: Slowbro|85/100
|-supereffective|p2a: Slowbro
|-damage|p2a: Slowbro|69/100
|-supereffective|p2a: Slowbro
|-damage|p2a: Slowbro|53/100
|-supereffective|p2a: Slowbro
|-damage|p2a: Slowbro|44/100
|-supereffective|p2a: Slowbro
|-damage|p2a: Slowbro|31/100
|-supereffective|p2a: Slowbro
|-damage|p2a: Slowbro|14/100
|-hitcount|p2a: Slowbro|6
|move|p2a: Slowbro|Scald|p1a: Weavile
|-damage|p1a: Weavile|62/100
|
|upkeep
|turn|2
|
|t:|1665338922
|switch|p2a: Garchomp|Garchomp, M|100/100
|move|p1a: Weavile|Beat Up|p2a: Garchomp
|-damage|p2a: Garchomp|89/100
|-damage|p2a: Garchomp|78/100
|-damage|p2a: Garchomp|67/100
|-damage|p2a: Garchomp|60/100
|-damage|p2a: Garchomp|51/100
|-damage|p2a: Garchomp|39/100
|-hitcount|p2a: Garchomp|6
|
|-heal|p2a: Garchomp|45/100|[from] item: Leftovers
|upkeep
|turn|3
|
|t:|1665338929
|move|p2a: Garchomp|Protect|p2a: Garchomp
|-singleturn|p2a: Garchomp|Protect
|move|p1a: Weavile|Beat Up|p2a: Garchomp
|-activate|p2a: Garchomp|move: Protect
|
|-heal|p2a: Garchomp|51/100|[from] item: Leftovers
|upkeep
|turn|4
|
|t:|1665338940
|switch|p2a: Melmetal|Melmetal|100/100
|move|p1a: Weavile|Beat Up|p2a: Melmetal
|-damage|p2a: Melmetal|93/100
|-damage|p2a: Melmetal|84/100
|-damage|p2a: Melmetal|76/100
|-damage|p2a: Melmetal|70/100
|-damage|p2a: Melmetal|64/100
|-damage|p2a: Melmetal|55/100
|-hitcount|p2a: Melmetal|6
|
|-heal|p2a: Melmetal|61/100|[from] item: Leftovers
|upkeep
|turn|5
|
|t:|1665338954
|switch|p1a: Rotom|Rotom-Wash|100/100
|move|p2a: Melmetal|Thunder Punch|p1a: Rotom
|-damage|p1a: Rotom|66/100
|
|-heal|p1a: Rotom|73/100|[from] item: Leftovers
|-heal|p2a: Melmetal|67/100|[from] item: Leftovers
|upkeep
|turn|6
|
|t:|1665338978
|switch|p2a: Garchomp|Garchomp, M|51/100
|move|p1a: Rotom|Hydro Pump|p2a: Garchomp
|-damage|p2a: Garchomp|23/100
|
|-heal|p2a: Garchomp|30/100|[from] item: Leftovers
|-heal|p1a: Rotom|79/100|[from] item: Leftovers
|upkeep
|turn|7
|
|t:|1665338998
|move|p2a: Garchomp|Stealth Rock|p1a: Rotom
|-sidestart|p1: Antonazz|move: Stealth Rock
|move|p1a: Rotom|Hydro Pump|p2a: Garchomp
|-damage|p2a: Garchomp|3/100
|
|-heal|p2a: Garchomp|9/100|[from] item: Leftovers
|-heal|p1a: Rotom|85/100|[from] item: Leftovers
|upkeep
|turn|8
|
|t:|1665339011
|move|p2a: Garchomp|Protect|p2a: Garchomp
|-singleturn|p2a: Garchomp|Protect
|move|p1a: Rotom|Hydro Pump|p2a: Garchomp
|-activate|p2a: Garchomp|move: Protect
|
|-heal|p2a: Garchomp|15/100|[from] item: Leftovers
|-heal|p1a: Rotom|91/100|[from] item: Leftovers
|upkeep
|turn|9
|
|t:|1665339018
|switch|p2a: Rillaboom|Rillaboom, F|100/100
|-fieldstart|move: Grassy Terrain|[from] ability: Grassy Surge|[of] p2a: Rillaboom
|move|p1a: Rotom|Hydro Pump|p2a: Rillaboom
|-resisted|p2a: Rillaboom
|-damage|p2a: Rillaboom|77/100
|
|-heal|p2a: Rillaboom|83/100|[from] Grassy Terrain
|-heal|p2a: Rillaboom|89/100|[from] item: Leftovers
|-heal|p1a: Rotom|98/100|[from] item: Leftovers
|upkeep
|turn|10
|
|t:|1665339020
|switch|p1a: Buzzwole|Buzzwole|100/100
|-damage|p1a: Buzzwole|88/100|[from] Stealth Rock
|move|p2a: Rillaboom|Knock Off|p1a: Buzzwole
|-resisted|p1a: Buzzwole
|-damage|p1a: Buzzwole|77/100
|-damage|p2a: Rillaboom|73/100|[from] item: Rocky Helmet|[of] p1a: Buzzwole
|-enditem|p1a: Buzzwole|Rocky Helmet|[from] move: Knock Off|[of] p2a: Rillaboom
|
|-heal|p1a: Buzzwole|84/100|[from] Grassy Terrain
|-heal|p2a: Rillaboom|79/100|[from] Grassy Terrain
|-heal|p2a: Rillaboom|85/100|[from] item: Leftovers
|upkeep
|turn|11
|
|t:|1665339025
|switch|p1a: Rotom|Rotom-Wash|98/100
|-damage|p1a: Rotom|85/100|[from] Stealth Rock
|switch|p2a: Tornadus|Tornadus-Therian, M|100/100
|
|-heal|p1a: Rotom|91/100|[from] item: Leftovers
|upkeep
|turn|12
|
|t:|1665339028
|move|p2a: Tornadus|Knock Off|p1a: Rotom
|-damage|p1a: Rotom|69/100
|-enditem|p1a: Rotom|Leftovers|[from] move: Knock Off|[of] p2a: Tornadus
|move|p1a: Rotom|Defog|p2a: Tornadus
|-unboost|p2a: Tornadus|evasion|1
|-sideend|p1: Antonazz|Stealth Rock|[from] move: Defog|[of] p1a: Rotom
|-fieldend|move: Grassy Terrain
|
|upkeep
|turn|13
|
|t:|1665339031
|move|p2a: Tornadus|U-turn|p1a: Rotom
|-damage|p1a: Rotom|55/100
|
|t:|1665339033
|switch|p2a: Garchomp|Garchomp, M|15/100|[from]move: U-turn
|move|p1a: Rotom|Volt Switch|p2a: Garchomp
|-immune|p2a: Garchomp
|
|-heal|p2a: Garchomp|21/100|[from] item: Leftovers
|upkeep
|turn|14
|
|t:|1665339037
|move|p2a: Garchomp|Protect|p2a: Garchomp
|-singleturn|p2a: Garchomp|Protect
|move|p1a: Rotom|Hydro Pump|p2a: Garchomp
|-activate|p2a: Garchomp|move: Protect
|
|-heal|p2a: Garchomp|28/100|[from] item: Leftovers
|upkeep
|turn|15
|
|t:|1665339039
|switch|p2a: Rillaboom|Rillaboom, F|85/100
|-fieldstart|move: Grassy Terrain|[from] ability: Grassy Surge|[of] p2a: Rillaboom
|move|p1a: Rotom|Hydro Pump|p2a: Rillaboom
|-resisted|p2a: Rillaboom
|-damage|p2a: Rillaboom|63/100
|
|-heal|p2a: Rillaboom|69/100|[from] Grassy Terrain
|-heal|p2a: Rillaboom|75/100|[from] item: Leftovers
|upkeep
|turn|16
|
|t:|1665339044
|switch|p1a: Buzzwole|Buzzwole|84/100
|move|p2a: Rillaboom|Grassy Glide|p1a: Buzzwole
|-resisted|p1a: Buzzwole
|-damage|p1a: Buzzwole|68/100
|
|-heal|p1a: Buzzwole|74/100|[from] Grassy Terrain
|-heal|p2a: Rillaboom|81/100|[from] Grassy Terrain
|-heal|p2a: Rillaboom|88/100|[from] item: Leftovers
|upkeep
|turn|17
|
|t:|1665339049
|switch|p2a: Tornadus|Tornadus-Therian, M|100/100
|move|p1a: Buzzwole|Ice Punch|p2a: Tornadus
|-supereffective|p2a: Tornadus
|-damage|p2a: Tornadus|51/100
|
|-heal|p1a: Buzzwole|80/100|[from] Grassy Terrain
|upkeep
|turn|18
|
|t:|1665339058
|switch|p1a: Heatran|Heatran, M|100/100
|move|p2a: Tornadus|U-turn|p1a: Heatran
|-resisted|p1a: Heatran
|-damage|p1a: Heatran|98/100
|-status|p2a: Tornadus|brn|[from] ability: Flame Body|[of] p1a: Heatran
|
|t:|1665339069
|switch|p2a: Garchomp|Garchomp, M|28/100|[from]move: U-turn
|
|-heal|p2a: Garchomp|34/100|[from] Grassy Terrain
|-heal|p2a: Garchomp|40/100|[from] item: Leftovers
|-heal|p1a: Heatran|100/100|[from] Grassy Terrain
|upkeep
|turn|19
|
|t:|1665339072
|move|p2a: Garchomp|Stealth Rock|p1a: Heatran
|-sidestart|p1: Antonazz|move: Stealth Rock
|move|p1a: Heatran|Toxic|p2a: Garchomp|[miss]
|-miss|p1a: Heatran|p2a: Garchomp
|
|-heal|p2a: Garchomp|46/100|[from] Grassy Terrain
|-heal|p2a: Garchomp|53/100|[from] item: Leftovers
|-fieldend|move: Grassy Terrain
|upkeep
|turn|20
|
|t:|1665339077
|switch|p1a: Landorus|Landorus-Therian, M|100/100
|-damage|p1a: Landorus|88/100|[from] Stealth Rock
|-ability|p1a: Landorus|Intimidate|boost
|-unboost|p2a: Garchomp|atk|1
|move|p2a: Garchomp|Earthquake|p1a: Landorus
|-immune|p1a: Landorus
|
|-heal|p2a: Garchomp|59/100|[from] item: Leftovers
|-heal|p1a: Landorus|94/100|[from] item: Leftovers
|upkeep
|turn|21
|
|t:|1665339082
|move|p2a: Garchomp|Toxic|p1a: Landorus
|-status|p1a: Landorus|tox
|move|p1a: Landorus|Toxic|p2a: Garchomp
|-status|p2a: Garchomp|tox
|
|-heal|p2a: Garchomp|65/100 tox|[from] item: Leftovers
|-heal|p1a: Landorus|99/100 tox|[from] item: Leftovers
|-damage|p2a: Garchomp|59/100 tox|[from] psn
|-damage|p1a: Landorus|94/100 tox|[from] psn
|upkeep
|turn|22
|
|t:|1665339087
|switch|p2a: Slowbro|Slowbro, M|47/100
|move|p1a: Landorus|Stealth Rock|p2a: Slowbro
|-sidestart|p2: Surfy|move: Stealth Rock
|
|-heal|p1a: Landorus|99/100 tox|[from] item: Leftovers
|-damage|p1a: Landorus|88/100 tox|[from] psn
|upkeep
|turn|23
|
|t:|1665339092
|move|p1a: Landorus|U-turn|p2a: Slowbro
|-supereffective|p2a: Slowbro
|-damage|p2a: Slowbro|20/100
|-damage|p1a: Landorus|72/100 tox|[from] item: Rocky Helmet|[of] p2a: Slowbro
|
|t:|1665339098
|switch|p1a: Dragapult|Dragapult, M|100/100|[from]move: U-turn
|-damage|p1a: Dragapult|88/100|[from] Stealth Rock
|move|p2a: Slowbro|Future Sight|p1a: Dragapult
|-start|p2a: Slowbro|move: Future Sight
|
|upkeep
|turn|24
|
|t:|1665339102
|switch|p2a: Melmetal|Melmetal|67/100
|-damage|p2a: Melmetal|61/100|[from] Stealth Rock
|move|p1a: Dragapult|Shadow Ball|p2a: Melmetal
|-damage|p2a: Melmetal|14/100
|
|-heal|p2a: Melmetal|20/100|[from] item: Leftovers
|upkeep
|turn|25
|
|t:|1665339117
|switch|p1a: Rotom|Rotom-Wash|55/100
|-damage|p1a: Rotom|42/100|[from] Stealth Rock
|move|p2a: Melmetal|Double Iron Bash|p1a: Rotom
|-resisted|p1a: Rotom
|-damage|p1a: Rotom|31/100
|-resisted|p1a: Rotom
|-damage|p1a: Rotom|19/100
|-hitcount|p1a: Rotom|2
|
|-end|p1a: Rotom|move: Future Sight
|-damage|p1a: Rotom|0 fnt
|faint|p1a: Rotom
|-heal|p2a: Melmetal|27/100|[from] item: Leftovers
|upkeep
|
|t:|1665339126
|switch|p1a: Dragapult|Dragapult, M|88/100
|-damage|p1a: Dragapult|76/100|[from] Stealth Rock
|turn|26
|
|t:|1665339129
|move|p2a: Melmetal|Protect|p2a: Melmetal
|-singleturn|p2a: Melmetal|Protect
|move|p1a: Dragapult|Shadow Ball|p2a: Melmetal
|-activate|p2a: Melmetal|move: Protect
|
|-heal|p2a: Melmetal|33/100|[from] item: Leftovers
|upkeep
|turn|27
|inactive|Surfy has 270 seconds left.
|
|t:|1665339175
|switch|p2a: Slowbro|Slowbro, M|53/100
|-damage|p2a: Slowbro|41/100|[from] Stealth Rock
|move|p1a: Dragapult|Shadow Ball|p2a: Slowbro
|-supereffective|p2a: Slowbro
|-damage|p2a: Slowbro|0 fnt
|faint|p2a: Slowbro
|
|upkeep
|
|t:|1665339177
|switch|p2a: Tornadus|Tornadus-Therian, M|84/100 brn
|turn|28
|
|t:|1665339185
|switch|p1a: Heatran|Heatran, M|100/100
|-damage|p1a: Heatran|88/100|[from] Stealth Rock
|move|p2a: Tornadus|Knock Off|p1a: Heatran
|-damage|p1a: Heatran|80/100
|-enditem|p1a: Heatran|Leftovers|[from] move: Knock Off|[of] p2a: Tornadus
|
|-damage|p2a: Tornadus|78/100 brn|[from] brn
|upkeep
|turn|29
|inactive|Surfy has 270 seconds left.
|
|t:|1665339193
|move|p2a: Tornadus|U-turn|p1a: Heatran
|-resisted|p1a: Heatran
|-damage|p1a: Heatran|79/100
|
|t:|1665339196
|switch|p2a: Garchomp|Garchomp, M|59/100 tox|[from]move: U-turn
|-damage|p2a: Garchomp|53/100 tox|[from] Stealth Rock
|move|p1a: Heatran|Earth Power|p2a: Garchomp
|-damage|p2a: Garchomp|37/100 tox
|
|-heal|p2a: Garchomp|43/100 tox|[from] item: Leftovers
|-damage|p2a: Garchomp|37/100 tox|[from] psn
|upkeep
|turn|30
|
|t:|1665339203
|switch|p2a: Rillaboom|Rillaboom, F|88/100
|-damage|p2a: Rillaboom|75/100|[from] Stealth Rock
|-fieldstart|move: Grassy Terrain|[from] ability: Grassy Surge|[of] p2a: Rillaboom
|move|p1a: Heatran|Protect||[still]
|-fail|p1a: Heatran
|
|-heal|p2a: Rillaboom|81/100|[from] Grassy Terrain
|-heal|p2a: Rillaboom|88/100|[from] item: Leftovers
|-heal|p1a: Heatran|85/100|[from] Grassy Terrain
|upkeep
|turn|31
|
|t:|1665339211
|move|p2a: Rillaboom|Drain Punch|p1a: Heatran
|-supereffective|p1a: Heatran
|-crit|p1a: Heatran
|-damage|p1a: Heatran|9/100
|-heal|p2a: Rillaboom|100/100|[from] drain|[of] p1a: Heatran
|move|p1a: Heatran|Magma Storm|p2a: Rillaboom|[miss]
|-miss|p1a: Heatran|p2a: Rillaboom
|
|-heal|p1a: Heatran|15/100|[from] Grassy Terrain
|upkeep
|turn|32
|c|☆Surfy|sorry
|
|t:|1665339217
|move|p1a: Heatran|Protect|p1a: Heatran
|-singleturn|p1a: Heatran|Protect
|move|p2a: Rillaboom|Drain Punch|p1a: Heatran
|-activate|p1a: Heatran|move: Protect
|
|-heal|p1a: Heatran|21/100|[from] Grassy Terrain
|upkeep
|turn|33
|
|t:|1665339220
|move|p2a: Rillaboom|Drain Punch|p1a: Heatran
|-supereffective|p1a: Heatran
|-damage|p1a: Heatran|0 fnt
|faint|p1a: Heatran
|
|upkeep
|
|t:|1665339224
|switch|p1a: Buzzwole|Buzzwole|80/100
|-damage|p1a: Buzzwole|68/100|[from] Stealth Rock
|turn|34
|
|t:|1665339240
|switch|p2a: Tornadus|Tornadus-Therian, M|100/100 brn
|move|p1a: Buzzwole|Ice Punch|p2a: Tornadus
|-supereffective|p2a: Tornadus
|-damage|p2a: Tornadus|41/100 brn
|
|-heal|p1a: Buzzwole|74/100|[from] Grassy Terrain
|-damage|p2a: Tornadus|35/100 brn|[from] brn
|-fieldend|move: Grassy Terrain
|upkeep
|turn|35
|
|t:|1665339245
|move|p2a: Tornadus|Heat Wave|p1a: Buzzwole
|-supereffective|p1a: Buzzwole
|-damage|p1a: Buzzwole|12/100
|move|p1a: Buzzwole|Ice Punch|p2a: Tornadus
|-supereffective|p2a: Tornadus
|-damage|p2a: Tornadus|0 fnt
|faint|p2a: Tornadus
|-ability|p1a: Buzzwole|Beast Boost|boost
|-boost|p1a: Buzzwole|atk|1
|
|upkeep
|inactive|Surfy has 270 seconds left.
|
|t:|1665339293
|switch|p2a: Rillaboom|Rillaboom, F|100/100
|-damage|p2a: Rillaboom|88/100|[from] Stealth Rock
|-fieldstart|move: Grassy Terrain|[from] ability: Grassy Surge|[of] p2a: Rillaboom
|turn|36
|
|t:|1665339299
|move|p2a: Rillaboom|Grassy Glide|p1a: Buzzwole
|-resisted|p1a: Buzzwole
|-damage|p1a: Buzzwole|0 fnt
|faint|p1a: Buzzwole
|
|-heal|p2a: Rillaboom|94/100|[from] Grassy Terrain
|-heal|p2a: Rillaboom|100/100|[from] item: Leftovers
|upkeep
|
|t:|1665339302
|switch|p1a: Dragapult|Dragapult, M|76/100
|-damage|p1a: Dragapult|64/100|[from] Stealth Rock
|turn|37
|inactive|Surfy has 270 seconds left.
|
|t:|1665339325
|move|p2a: Rillaboom|Grassy Glide|p1a: Dragapult
|-resisted|p1a: Dragapult
|-damage|p1a: Dragapult|29/100
|move|p1a: Dragapult|Draco Meteor|p2a: Rillaboom
|-damage|p2a: Rillaboom|6/100
|-unboost|p1a: Dragapult|spa|2
|
|-heal|p1a: Dragapult|35/100|[from] Grassy Terrain
|-heal|p2a: Rillaboom|13/100|[from] Grassy Terrain
|-heal|p2a: Rillaboom|19/100|[from] item: Leftovers
|upkeep
|turn|38
|
|t:|1665339342
|move|p2a: Rillaboom|Grassy Glide|p1a: Dragapult
|-resisted|p1a: Dragapult
|-damage|p1a: Dragapult|0 fnt
|faint|p1a: Dragapult
|
|-heal|p2a: Rillaboom|25/100|[from] Grassy Terrain
|-heal|p2a: Rillaboom|31/100|[from] item: Leftovers
|upkeep
|
|t:|1665339346
|switch|p1a: Weavile|Weavile, M|62/100
|-damage|p1a: Weavile|37/100|[from] Stealth Rock
|-ability|p1a: Weavile|Pressure
|turn|39
|-message|Antonazz forfeited.
|
|win|Surfy
