|inactive|Battle timer is ON: inactive players will automatically lose when time's up.
|t:|1631968698
|gametype|singles
|player|p1|lonietzzz|pokemonbreederf|
|player|p2|out bpj|#outbpj|
|teamsize|p1|6
|teamsize|p2|6
|gen|8
|tier|[Gen 8] OU
|rule|Sleep Clause Mod: Limit one foe put to sleep
|rule|Species Clause: Limit one of each Pokémon
|rule|OHKO Clause: OHKO moves are banned
|rule|Evasion Moves Clause: Evasion moves are banned
|rule|Endless Battle Clause: Forcing endless battles is banned
|rule|HP Percentage Mod: HP is shown in percentages
|rule|Dynamax Clause: You cannot dynamax
|clearpoke
|poke|p1|Weavile, M|
|poke|p1|Tapu Fini|
|poke|p1|Heatran, F|
|poke|p1|Landorus-Therian, M|
|poke|p1|Tangrowth, F|
|poke|p1|Slowking-Galar, F|
|poke|p2|Tapu Lele|
|poke|p2|Kartana|
|poke|p2|Tapu Fini|
|poke|p2|Weavile, F|
|poke|p2|Magnezone|
|poke|p2|Landorus-Therian, M|
|teampreview
|c|☆out bpj|hf
|c|☆lonietzzz|hf
|inactive|lonietzzz has 270 seconds left.
|inactive|out bpj has 270 seconds left.
|
|t:|1631968749
|start
|switch|p1a: Tapu Fini|Tapu Fini|100/100
|switch|p2a: Landorus|Landorus-Therian, M|100/100
|-ability|p2a: Landorus|Intimidate|boost
|-unboost|p1a: Tapu Fini|atk|1
|-fieldstart|move: Misty Terrain|[from] ability: Misty Surge|[of] p1a: Tapu Fini
|turn|1
|
|t:|1631968761
|move|p2a: Landorus|Earthquake|p1a: Tapu Fini
|-damage|p1a: Tapu Fini|65/100
|move|p1a: Tapu Fini|Scald|p2a: Landorus
|-supereffective|p2a: Landorus
|-damage|p2a: Landorus|47/100
|-status|p2a: Landorus|brn
|
|-heal|p1a: Tapu Fini|71/100|[from] item: Leftovers
|-damage|p2a: Landorus|41/100 brn|[from] brn
|upkeep
|turn|2
|
|t:|1631968771
|move|p2a: Landorus|U-turn|p1a: Tapu Fini
|-resisted|p1a: Tapu Fini
|-damage|p1a: Tapu Fini|68/100
|
|t:|1631968773
|switch|p2a: Magnezone|Magnezone|100/100|[from]move: U-turn
|move|p1a: Tapu Fini|Scald|p2a: Magnezone
|-damage|p2a: Magnezone|68/100
|
|-heal|p1a: Tapu Fini|74/100|[from] item: Leftovers
|upkeep
|turn|3
|
|t:|1631968793
|switch|p1a: Heatran|Heatran, F|100/100
|switch|p2a: Tapu Fini|Tapu Fini|100/100
|
|upkeep
|turn|4
|
|t:|1631968808
|switch|p2a: Weavile|Weavile, F|100/100
|-ability|p2a: Weavile|Pressure
|switch|p1a: Slowking|Slowking-Galar, F|100/100
|
|upkeep
|turn|5
|
|t:|1631968819
|switch|p1a: Tangrowth|Tangrowth, F|100/100
|move|p2a: Weavile|Knock Off|p1a: Tangrowth
|-damage|p1a: Tangrowth|72/100
|-damage|p2a: Weavile|84/100|[from] item: Rocky Helmet|[of] p1a: Tangrowth
|-enditem|p1a: Tangrowth|Rocky Helmet|[from] move: Knock Off|[of] p2a: Weavile
|
|-fieldend|Misty Terrain
|upkeep
|turn|6
|inactive|out bpj has 270 seconds left.
|inactive|out bpj has 240 seconds left.
|
|t:|1631968885
|switch|p2a: Tapu Fini|Tapu Fini|100/100
|-fieldstart|move: Misty Terrain|[from] ability: Misty Surge|[of] p2a: Tapu Fini
|switch|p1a: Tapu Fini|Tapu Fini|74/100
|
|-heal|p1a: Tapu Fini|80/100|[from] item: Leftovers
|upkeep
|turn|7
|inactive|out bpj has 240 seconds left.
|
|t:|1631968896
|switch|p1a: Slowking|Slowking-Galar, F|100/100
|move|p2a: Tapu Fini|Whirlpool|p1a: Slowking
|-damage|p1a: Slowking|96/100
|-activate|p1a: Slowking|move: Whirlpool|[of] p2a: Tapu Fini
|
|-damage|p1a: Slowking|83/100|[from] move: Whirlpool|[partiallytrapped]
|upkeep
|turn|8
|inactive|out bpj has 240 seconds left.
|
|t:|1631968917
|switch|p2a: Landorus|Landorus-Therian, M|41/100 brn
|-ability|p2a: Landorus|Intimidate|boost
|-unboost|p1a: Slowking|atk|1
|move|p1a: Slowking|Sludge Bomb|p2a: Landorus
|-resisted|p2a: Landorus
|-damage|p2a: Landorus|21/100 brn
|
|-damage|p2a: Landorus|15/100 brn|[from] brn
|-end|p1a: Slowking|Whirlpool|[partiallytrapped]|[silent]
|upkeep
|turn|9
|
|t:|1631968922
|switch|p1a: Landorus|Landorus-Therian, M|100/100
|-ability|p1a: Landorus|Intimidate|boost
|-unboost|p2a: Landorus|atk|1
|move|p2a: Landorus|Stealth Rock|p1a: Landorus
|-sidestart|p1: lonietzzz|move: Stealth Rock
|
|-damage|p2a: Landorus|9/100 brn|[from] brn
|upkeep
|turn|10
|
|t:|1631968927
|move|p1a: Landorus|Defog|p2a: Landorus
|-unboost|p2a: Landorus|evasion|1
|-sideend|p1: lonietzzz|Stealth Rock|[from] move: Defog|[of] p1a: Landorus
|-fieldend|Misty Terrain
|move|p2a: Landorus|Toxic|p1a: Landorus
|-status|p1a: Landorus|tox
|
|-damage|p1a: Landorus|94/100 tox|[from] psn
|-damage|p2a: Landorus|3/100 brn|[from] brn
|upkeep
|turn|11
|
|t:|1631968940
|switch|p2a: Tapu Fini|Tapu Fini|100/100
|-fieldstart|move: Misty Terrain|[from] ability: Misty Surge|[of] p2a: Tapu Fini
|move|p1a: Landorus|U-turn|p2a: Tapu Fini
|-resisted|p2a: Tapu Fini
|-damage|p2a: Tapu Fini|91/100
|
|t:|1631968944
|switch|p1a: Slowking|Slowking-Galar, F|100/100|[from]move: U-turn
|
|-heal|p2a: Tapu Fini|97/100|[from] item: Leftovers
|upkeep
|turn|12
|
|t:|1631968960
|move|p2a: Tapu Fini|Nature's Madness|p1a: Slowking
|-damage|p1a: Slowking|50/100
|move|p1a: Slowking|Sludge Bomb|p2a: Tapu Fini
|-supereffective|p2a: Tapu Fini
|-damage|p2a: Tapu Fini|44/100
|
|-heal|p2a: Tapu Fini|50/100|[from] item: Leftovers
|upkeep
|turn|13
|
|t:|1631968976
|switch|p2a: Weavile|Weavile, F|84/100
|-ability|p2a: Weavile|Pressure
|move|p1a: Slowking|Sludge Bomb|p2a: Weavile
|-damage|p2a: Weavile|30/100
|
|upkeep
|turn|14
|inactive|out bpj has 240 seconds left.
|
|t:|1631968997
|switch|p1a: Tapu Fini|Tapu Fini|80/100
|move|p2a: Weavile|Knock Off|p1a: Tapu Fini
|-resisted|p1a: Tapu Fini
|-damage|p1a: Tapu Fini|63/100
|-enditem|p1a: Tapu Fini|Leftovers|[from] move: Knock Off|[of] p2a: Weavile
|
|upkeep
|turn|15
|inactive|out bpj has 240 seconds left.
|
|t:|1631969014
|switch|p2a: Kartana|Kartana|100/100
|move|p1a: Tapu Fini|Draining Kiss|p2a: Kartana
|-resisted|p2a: Kartana
|-damage|p2a: Kartana|74/100
|-heal|p1a: Tapu Fini|78/100|[from] drain|[of] p2a: Kartana
|
|-fieldend|Misty Terrain
|upkeep
|turn|16
|inactive|out bpj has 240 seconds left.
|inactive|lonietzzz has 270 seconds left.
|
|t:|1631969041
|switch|p2a: Tapu Lele|Tapu Lele|100/100
|-fieldstart|move: Psychic Terrain|[from] ability: Psychic Surge|[of] p2a: Tapu Lele
|switch|p1a: Tangrowth|Tangrowth, F|100/100
|
|upkeep
|turn|17
|inactive|lonietzzz has 270 seconds left.
|
|t:|1631969071
|switch|p1a: Slowking|Slowking-Galar, F|84/100
|move|p2a: Tapu Lele|Calm Mind|p2a: Tapu Lele
|-boost|p2a: Tapu Lele|spa|1
|-boost|p2a: Tapu Lele|spd|1
|
|upkeep
|turn|18
|
|t:|1631969074
|move|p2a: Tapu Lele|Calm Mind|p2a: Tapu Lele
|-boost|p2a: Tapu Lele|spa|1
|-boost|p2a: Tapu Lele|spd|1
|move|p1a: Slowking|Sludge Bomb|p2a: Tapu Lele
|-supereffective|p2a: Tapu Lele
|-damage|p2a: Tapu Lele|65/100
|
|-heal|p2a: Tapu Lele|71/100|[from] item: Leftovers
|upkeep
|turn|19
|inactive|out bpj has 210 seconds left.
|
|t:|1631969118
|move|p2a: Tapu Lele|Calm Mind|p2a: Tapu Lele
|-boost|p2a: Tapu Lele|spa|1
|-boost|p2a: Tapu Lele|spd|1
|move|p1a: Slowking|Sludge Bomb|p2a: Tapu Lele
|-supereffective|p2a: Tapu Lele
|-damage|p2a: Tapu Lele|43/100
|
|-heal|p2a: Tapu Lele|49/100|[from] item: Leftovers
|upkeep
|turn|20
|inactive|lonietzzz has 270 seconds left.
|
|t:|1631969136
|move|p2a: Tapu Lele|Iron Defense|p2a: Tapu Lele
|-boost|p2a: Tapu Lele|def|2
|move|p1a: Slowking|Sludge Bomb|p2a: Tapu Lele
|-supereffective|p2a: Tapu Lele
|-damage|p2a: Tapu Lele|23/100
|-status|p2a: Tapu Lele|psn
|
|-heal|p2a: Tapu Lele|29/100 psn|[from] item: Leftovers
|-damage|p2a: Tapu Lele|16/100 psn|[from] psn
|-fieldend|move: Psychic Terrain
|upkeep
|turn|21
|inactive|lonietzzz has 270 seconds left.
|inactive|out bpj has 180 seconds left.
|inactive|lonietzzz has 240 seconds left.
|inactive|lonietzzz has 210 seconds left.
|inactive|lonietzzz has 180 seconds left.
|inactive|lonietzzz has 150 seconds left.
|
|t:|1631969266
|move|p2a: Tapu Lele|Stored Power|p1a: Slowking
|-damage|p1a: Slowking|0 fnt
|faint|p1a: Slowking
|
|-heal|p2a: Tapu Lele|22/100 psn|[from] item: Leftovers
|-damage|p2a: Tapu Lele|10/100 psn|[from] psn
|upkeep
|
|t:|1631969269
|switch|p1a: Weavile|Weavile, M|100/100
|-ability|p1a: Weavile|Pressure
|turn|22
|
|t:|1631969275
|move|p1a: Weavile|Knock Off|p2a: Tapu Lele
|-damage|p2a: Tapu Lele|0 fnt
|-enditem|p2a: Tapu Lele|Leftovers|[from] move: Knock Off|[of] p1a: Weavile
|faint|p2a: Tapu Lele
|
|upkeep
|
|t:|1631969291
|switch|p2a: Kartana|Kartana|74/100
|turn|23
|
|t:|1631969308
|switch|p2a: Tapu Fini|Tapu Fini|50/100
|-fieldstart|move: Misty Terrain|[from] ability: Misty Surge|[of] p2a: Tapu Fini
|switch|p1a: Tangrowth|Tangrowth, F|100/100
|
|-heal|p2a: Tapu Fini|57/100|[from] item: Leftovers
|upkeep
|turn|24
|inactive|lonietzzz has 180 seconds left.
|inactive|out bpj has 150 seconds left.
|
|t:|1631969340
|switch|p2a: Magnezone|Magnezone|68/100
|move|p1a: Tangrowth|Knock Off|p2a: Magnezone
|-damage|p2a: Magnezone|51/100
|-enditem|p2a: Magnezone|Expert Belt|[from] move: Knock Off|[of] p1a: Tangrowth
|
|upkeep
|turn|25
|inactive|lonietzzz has 150 seconds left.
|
|t:|1631969374
|switch|p1a: Heatran|Heatran, F|100/100
|move|p2a: Magnezone|Flash Cannon|p1a: Heatran
|-resisted|p1a: Heatran
|-damage|p1a: Heatran|95/100
|
|-heal|p1a: Heatran|100/100|[from] item: Leftovers
|upkeep
|turn|26
|inactive|lonietzzz has 150 seconds left.
|
|t:|1631969380
|move|p1a: Heatran|Stealth Rock|p2a: Magnezone
|-sidestart|p2: out bpj|move: Stealth Rock
|move|p2a: Magnezone|Thunderbolt|p1a: Heatran
|-damage|p1a: Heatran|74/100
|
|-heal|p1a: Heatran|80/100|[from] item: Leftovers
|upkeep
|turn|27
|
|t:|1631969390
|switch|p2a: Landorus|Landorus-Therian, M|3/100 brn
|-damage|p2a: Landorus|0 fnt|[from] Stealth Rock
|faint|p2a: Landorus
|move|p1a: Heatran|Earth Power|p2: Landorus|[notarget]
|-fail|p1a: Heatran
|
|-heal|p1a: Heatran|86/100|[from] item: Leftovers
|-fieldend|Misty Terrain
|upkeep
|
|t:|1631969404
|switch|p2a: Tapu Fini|Tapu Fini|57/100
|-damage|p2a: Tapu Fini|44/100|[from] Stealth Rock
|-fieldstart|move: Misty Terrain|[from] ability: Misty Surge|[of] p2a: Tapu Fini
|turn|28
|
|t:|1631969425
|switch|p1a: Tangrowth|Tangrowth, F|100/100
|move|p2a: Tapu Fini|Nature's Madness|p1a: Tangrowth
|-damage|p1a: Tangrowth|51/100
|
|-heal|p2a: Tapu Fini|50/100|[from] item: Leftovers
|upkeep
|turn|29
|
|t:|1631969430
|move|p2a: Tapu Fini|Moonblast|p1a: Tangrowth
|-damage|p1a: Tangrowth|3/100
|move|p1a: Tangrowth|Giga Drain|p2a: Tapu Fini
|-supereffective|p2a: Tapu Fini
|-damage|p2a: Tapu Fini|14/100
|-heal|p1a: Tangrowth|19/100|[from] drain|[of] p2a: Tapu Fini
|
|-heal|p2a: Tapu Fini|20/100|[from] item: Leftovers
|upkeep
|turn|30
|
|t:|1631969449
|switch|p1a: Heatran|Heatran, F|86/100
|move|p2a: Tapu Fini|Moonblast|p1a: Heatran
|-resisted|p1a: Heatran
|-damage|p1a: Heatran|81/100
|
|-heal|p2a: Tapu Fini|26/100|[from] item: Leftovers
|-heal|p1a: Heatran|88/100|[from] item: Leftovers
|upkeep
|turn|31
|
|t:|1631969465
|move|p2a: Tapu Fini|Nature's Madness|p1a: Heatran
|-damage|p1a: Heatran|44/100
|move|p1a: Heatran|Earth Power|p2a: Tapu Fini
|-damage|p2a: Tapu Fini|11/100
|
|-heal|p2a: Tapu Fini|17/100|[from] item: Leftovers
|-heal|p1a: Heatran|50/100|[from] item: Leftovers
|upkeep
|turn|32
|
|t:|1631969472
|move|p2a: Tapu Fini|Whirlpool|p1a: Heatran
|-supereffective|p1a: Heatran
|-damage|p1a: Heatran|34/100
|-activate|p1a: Heatran|move: Whirlpool|[of] p2a: Tapu Fini
|move|p1a: Heatran|Magma Storm|p2a: Tapu Fini
|-resisted|p2a: Tapu Fini
|-damage|p2a: Tapu Fini|4/100
|-activate|p2a: Tapu Fini|move: Magma Storm|[of] p1a: Heatran
|
|-heal|p2a: Tapu Fini|10/100|[from] item: Leftovers
|-heal|p1a: Heatran|40/100|[from] item: Leftovers
|-damage|p2a: Tapu Fini|0 fnt|[from] move: Magma Storm|[partiallytrapped]
|faint|p2a: Tapu Fini
|-end|p1a: Heatran|Whirlpool|[partiallytrapped]|[silent]
|-fieldend|Misty Terrain
|upkeep
|inactive|out bpj has 150 seconds left.
|
|t:|1631969490
|switch|p2a: Kartana|Kartana|74/100
|-damage|p2a: Kartana|68/100|[from] Stealth Rock
|turn|33
|inactive|out bpj has 150 seconds left.
|
|t:|1631969504
|switch|p2a: Weavile|Weavile, F|30/100
|-ability|p2a: Weavile|Pressure
|switch|p1a: Landorus|Landorus-Therian, M|94/100 tox
|-ability|p1a: Landorus|Intimidate|boost
|-unboost|p2a: Weavile|atk|1
|
|-heal|p1a: Landorus|100/100 tox|[from] item: Leftovers
|-damage|p1a: Landorus|94/100 tox|[from] psn
|upkeep
|turn|34
|inactive|out bpj has 150 seconds left.
|inactive|lonietzzz has 180 seconds left.
|
|t:|1631969520
|switch|p2a: Magnezone|Magnezone|51/100
|-damage|p2a: Magnezone|45/100|[from] Stealth Rock
|switch|p1a: Tapu Fini|Tapu Fini|78/100
|-fieldstart|move: Misty Terrain|[from] ability: Misty Surge|[of] p1a: Tapu Fini
|
|upkeep
|turn|35
|inactive|out bpj has 150 seconds left.
|
|t:|1631969527
|switch|p1a: Heatran|Heatran, F|40/100
|move|p2a: Magnezone|Body Press|p1a: Heatran
|-supereffective|p1a: Heatran
|-damage|p1a: Heatran|0 fnt
|faint|p1a: Heatran
|
|upkeep
|
|t:|1631969531
|switch|p1a: Landorus|Landorus-Therian, M|94/100 tox
|-ability|p1a: Landorus|Intimidate|boost
|-unboost|p2a: Magnezone|atk|1
|turn|36
|inactive|lonietzzz has 180 seconds left.
|inactive|lonietzzz has 150 seconds left.
|
|t:|1631969595
|switch|p2a: Kartana|Kartana|68/100
|-damage|p2a: Kartana|62/100|[from] Stealth Rock
|move|p1a: Landorus|Earthquake|p2a: Kartana
|-damage|p2a: Kartana|8/100
|
|-heal|p1a: Landorus|100/100 tox|[from] item: Leftovers
|-damage|p1a: Landorus|94/100 tox|[from] psn
|upkeep
|turn|37
|
|t:|1631969609
|switch|p1a: Tangrowth|Tangrowth, F|52/100
|move|p2a: Kartana|Aerial Ace|p1a: Tangrowth
|-supereffective|p1a: Tangrowth
|-damage|p1a: Tangrowth|25/100
|
|upkeep
|turn|38
|inactive|out bpj has 150 seconds left.
|
|t:|1631969625
|switch|p1a: Landorus|Landorus-Therian, M|94/100 tox
|-ability|p1a: Landorus|Intimidate|boost
|-unboost|p2a: Kartana|atk|1
|move|p2a: Kartana|Aerial Ace|p1a: Landorus
|-damage|p1a: Landorus|81/100 tox
|
|-heal|p1a: Landorus|87/100 tox|[from] item: Leftovers
|-damage|p1a: Landorus|81/100 tox|[from] psn
|-fieldend|Misty Terrain
|upkeep
|turn|39
|inactive|lonietzzz has 150 seconds left.
|
|t:|1631969638
|move|p2a: Kartana|Aerial Ace|p1a: Landorus
|-damage|p1a: Landorus|67/100 tox
|move|p1a: Landorus|Earthquake|p2a: Kartana
|-damage|p2a: Kartana|0 fnt
|faint|p2a: Kartana
|
|-heal|p1a: Landorus|73/100 tox|[from] item: Leftovers
|-damage|p1a: Landorus|61/100 tox|[from] psn
|upkeep
|
|t:|1631969643
|switch|p2a: Weavile|Weavile, F|30/100
|-ability|p2a: Weavile|Pressure
|turn|40
|
|t:|1631969653
|switch|p1a: Tapu Fini|Tapu Fini|78/100
|-fieldstart|move: Misty Terrain|[from] ability: Misty Surge|[of] p1a: Tapu Fini
|move|p2a: Weavile|Triple Axel|p1a: Tapu Fini
|-resisted|p1a: Tapu Fini
|-damage|p1a: Tapu Fini|74/100
|-resisted|p1a: Tapu Fini
|-damage|p1a: Tapu Fini|66/100
|-resisted|p1a: Tapu Fini
|-damage|p1a: Tapu Fini|55/100
|-hitcount|p1a: Tapu Fini|3
|
|upkeep
|turn|41
|
|t:|1631969665
|switch|p2a: Magnezone|Magnezone|45/100
|-damage|p2a: Magnezone|39/100|[from] Stealth Rock
|move|p1a: Tapu Fini|Scald|p2a: Magnezone
|-damage|p2a: Magnezone|5/100
|
|upkeep
|turn|42
|inactive|lonietzzz has 150 seconds left.
|
|t:|1631969689
|switch|p1a: Weavile|Weavile, M|100/100
|-ability|p1a: Weavile|Pressure
|move|p2a: Magnezone|Thunderbolt|p1a: Weavile
|-damage|p1a: Weavile|48/100
|
|upkeep
|turn|43
|
|t:|1631969692
|move|p1a: Weavile|Knock Off|p2a: Magnezone
|-damage|p2a: Magnezone|0 fnt
|faint|p2a: Magnezone
|
|upkeep
|
|t:|1631969695
|switch|p2a: Weavile|Weavile, F|30/100
|-ability|p2a: Weavile|Pressure
|turn|44
|
|t:|1631969698
|move|p1a: Weavile|Knock Off|p2a: Weavile
|-resisted|p2a: Weavile
|-crit|p2a: Weavile
|-damage|p2a: Weavile|0 fnt
|-enditem|p2a: Weavile|Heavy-Duty Boots|[from] move: Knock Off|[of] p1a: Weavile
|faint|p2a: Weavile
|
|win|lonietzzz
|c|☆out bpj|gg
|c|☆lonietzzz|gg
