|inactive|Battle timer is ON: inactive players will automatically lose when time's up.
|t:|1650745821
|gametype|singles
|player|p1|Zokuru|cress|
|player|p2|SetsuStsna|dawn-gen4pt|
|teamsize|p1|6
|teamsize|p2|6
|gen|8
|tier|[Gen 8] OU
|rule|Sleep Clause Mod: Limit one foe put to sleep
|rule|Species Clause: Limit one of each Pokémon
|rule|OHKO Clause: OHKO moves are banned
|rule|Evasion Moves Clause: Evasion moves are banned
|rule|Endless Battle Clause: Forcing endless battles is banned
|rule|HP Percentage Mod: HP is shown in percentages
|rule|Dynamax Clause: You cannot dynamax
|clearpoke
|poke|p1|Tapu Lele|
|poke|p1|Urshifu-*, M|
|poke|p1|Heatran, M|
|poke|p1|Landorus-Therian, M|
|poke|p1|Weavile, M|
|poke|p1|Slowbro, M|
|poke|p2|Garchomp, M|
|poke|p2|Landorus-Therian, M|
|poke|p2|Tapu Koko|
|poke|p2|Kartana|
|poke|p2|Buzzwole|
|poke|p2|Tapu Fini|
|teampreview
|c|☆SetsuStsna|hf
|c|☆Zokuru|hf
|inactive|SetsuStsna has 270 seconds left.
|
|t:|1650745863
|start
|switch|p1a: Urshifu|Urshifu-Rapid-Strike, M|100/100
|switch|p2a: Tyrone|Landorus-Therian, M|100/100
|-ability|p2a: Tyrone|Intimidate|boost
|-unboost|p1a: Urshifu|atk|1
|turn|1
|
|t:|1650745870
|switch|p2a: Tasha|Kartana, shiny|100/100
|move|p1a: Urshifu|Surging Strikes|p2a: Tasha
|-resisted|p2a: Tasha
|-crit|p2a: Tasha
|-damage|p2a: Tasha|89/100
|-resisted|p2a: Tasha
|-crit|p2a: Tasha
|-damage|p2a: Tasha|79/100
|-resisted|p2a: Tasha
|-crit|p2a: Tasha
|-damage|p2a: Tasha|68/100
|-hitcount|p2a: Tasha|3
|
|upkeep
|turn|2
|
|t:|1650745879
|switch|p1a: Heatran|Heatran, M|100/100
|move|p2a: Tasha|Knock Off|p1a: Heatran
|-damage|p1a: Heatran|68/100
|-status|p2a: Tasha|brn|[from] ability: Flame Body|[of] p1a: Heatran
|-enditem|p1a: Heatran|Leftovers|[from] move: Knock Off|[of] p2a: Tasha
|
|-damage|p2a: Tasha|62/100 brn|[from] brn
|upkeep
|turn|3
|
|t:|1650745893
|switch|p2a: Pablo|Garchomp, M|100/100
|move|p1a: Heatran|Lava Plume|p2a: Pablo
|-resisted|p2a: Pablo
|-damage|p2a: Pablo|86/100
|
|-heal|p2a: Pablo|92/100|[from] item: Leftovers
|upkeep
|turn|4
|
|t:|1650745905
|move|p2a: Pablo|Stealth Rock|p1a: Heatran
|-sidestart|p1: Zokuru|move: Stealth Rock
|move|p1a: Heatran|Stealth Rock|p2a: Pablo
|-sidestart|p2: SetsuStsna|move: Stealth Rock
|
|-heal|p2a: Pablo|98/100|[from] item: Leftovers
|upkeep
|turn|5
|
|t:|1650745909
|switch|p1a: Slowbro|Slowbro, M|100/100
|-damage|p1a: Slowbro|88/100|[from] Stealth Rock
|move|p2a: Pablo|Toxic|p1a: Slowbro
|-status|p1a: Slowbro|tox
|
|-heal|p2a: Pablo|100/100|[from] item: Leftovers
|-damage|p1a: Slowbro|82/100 tox|[from] psn
|upkeep
|turn|6
|
|t:|1650745921
|switch|p2a: Tasha|Kartana, shiny|62/100 brn
|-damage|p2a: Tasha|56/100 brn|[from] Stealth Rock
|move|p1a: Slowbro|Future Sight|p2a: Tasha
|-start|p1a: Slowbro|move: Future Sight
|
|-damage|p1a: Slowbro|70/100 tox|[from] psn
|-damage|p2a: Tasha|50/100 brn|[from] brn
|upkeep
|turn|7
|
|t:|1650745946
|move|p2a: Tasha|Leaf Blade|p1a: Slowbro
|-supereffective|p1a: Slowbro
|-damage|p1a: Slowbro|31/100 tox
|move|p1a: Slowbro|Teleport|p1a: Slowbro
|
|t:|1650745955
|switch|p1a: Heatran|Heatran, M|68/100|[from]move: Teleport
|-damage|p1a: Heatran|55/100|[from] Stealth Rock
|
|-damage|p2a: Tasha|43/100 brn|[from] brn
|upkeep
|turn|8
|
|t:|1650745958
|move|p2a: Tasha|Leaf Blade|p1a: Heatran
|-resisted|p1a: Heatran
|-damage|p1a: Heatran|49/100
|move|p1a: Heatran|Lava Plume|p2a: Tasha
|-supereffective|p2a: Tasha
|-damage|p2a: Tasha|0 fnt
|faint|p2a: Tasha
|
|-hint|Future Sight did not hit because the target is fainted.
|upkeep
|inactive|SetsuStsna has 270 seconds left.
|
|t:|1650746009
|switch|p2a: Pufi|Tapu Fini, shiny|100/100
|-damage|p2a: Pufi|88/100|[from] Stealth Rock
|-fieldstart|move: Misty Terrain|[from] ability: Misty Surge|[of] p2a: Pufi
|turn|9
|
|t:|1650746012
|move|p2a: Pufi|Calm Mind|p2a: Pufi
|-boost|p2a: Pufi|spa|1
|-boost|p2a: Pufi|spd|1
|move|p1a: Heatran|Heavy Slam|p2a: Pufi
|-damage|p2a: Pufi|61/100
|
|-heal|p2a: Pufi|67/100|[from] item: Leftovers
|upkeep
|turn|10
|
|t:|1650746017
|move|p2a: Pufi|Scald|p1a: Heatran
|-supereffective|p1a: Heatran
|-damage|p1a: Heatran|0 fnt
|faint|p1a: Heatran
|
|-heal|p2a: Pufi|73/100|[from] item: Leftovers
|upkeep
|
|t:|1650746019
|switch|p1a: Tapu Lele|Tapu Lele|100/100
|-damage|p1a: Tapu Lele|88/100|[from] Stealth Rock
|-fieldstart|move: Psychic Terrain|[from] ability: Psychic Surge|[of] p1a: Tapu Lele
|turn|11
|
|t:|1650746031
|move|p1a: Tapu Lele|Psyshock|p2a: Pufi
|-damage|p2a: Pufi|32/100
|move|p2a: Pufi|Scald|p1a: Tapu Lele
|-damage|p1a: Tapu Lele|61/100
|-status|p1a: Tapu Lele|brn
|
|-heal|p2a: Pufi|38/100|[from] item: Leftovers
|-damage|p1a: Tapu Lele|55/100 brn|[from] brn
|upkeep
|turn|12
|
|t:|1650746043
|switch|p2a: Pablo|Garchomp, M|100/100
|-damage|p2a: Pablo|94/100|[from] Stealth Rock
|move|p1a: Tapu Lele|Psyshock|p2a: Pablo
|-damage|p2a: Pablo|39/100
|
|-heal|p2a: Pablo|45/100|[from] item: Leftovers
|-damage|p1a: Tapu Lele|49/100 brn|[from] brn
|upkeep
|turn|13
|inactive|Zokuru has 270 seconds left.
|inactive|SetsuStsna has 270 seconds left.
|
|t:|1650746092
|switch|p1a: Landorus|Landorus-Therian, M|100/100
|-damage|p1a: Landorus|88/100|[from] Stealth Rock
|-ability|p1a: Landorus|Intimidate|boost
|-unboost|p2a: Pablo|atk|1
|move|p2a: Pablo|Protect||[still]
|-fail|p2a: Pablo
|
|-heal|p2a: Pablo|52/100|[from] item: Leftovers
|-heal|p1a: Landorus|94/100|[from] item: Leftovers
|upkeep
|turn|14
|
|t:|1650746096
|switch|p1a: Slowbro|Slowbro, M|65/100 tox
|-damage|p1a: Slowbro|52/100 tox|[from] Stealth Rock
|move|p2a: Pablo|Toxic|p1a: Slowbro
|-fail|p1a: Slowbro|tox
|
|-heal|p2a: Pablo|58/100|[from] item: Leftovers
|-damage|p1a: Slowbro|46/100 tox|[from] psn
|upkeep
|turn|15
|
|t:|1650746103
|move|p2a: Pablo|Earthquake|p1a: Slowbro
|-damage|p1a: Slowbro|29/100 tox
|move|p1a: Slowbro|Future Sight|p2a: Pablo
|-start|p1a: Slowbro|move: Future Sight
|
|-heal|p2a: Pablo|64/100|[from] item: Leftovers
|-damage|p1a: Slowbro|17/100 tox|[from] psn
|-fieldend|move: Psychic Terrain
|upkeep
|turn|16
|
|t:|1650746112
|switch|p1a: Urshifu|Urshifu-Rapid-Strike, M|100/100
|-damage|p1a: Urshifu|94/100|[from] Stealth Rock
|move|p2a: Pablo|Earthquake|p1a: Urshifu
|-damage|p1a: Urshifu|67/100
|
|-heal|p2a: Pablo|70/100|[from] item: Leftovers
|upkeep
|turn|17
|
|t:|1650746125
|move|p1a: Urshifu|Ice Punch|p2a: Pablo
|-supereffective|p2a: Pablo
|-damage|p2a: Pablo|0 fnt
|-damage|p1a: Urshifu|55/100|[from] ability: Rough Skin|[of] p2a: Pablo
|faint|p2a: Pablo
|
|-hint|Future Sight did not hit because the target is fainted.
|upkeep
|
|t:|1650746129
|switch|p2a: Pufi|Tapu Fini, shiny|38/100
|-damage|p2a: Pufi|26/100|[from] Stealth Rock
|-fieldstart|move: Misty Terrain|[from] ability: Misty Surge|[of] p2a: Pufi
|turn|18
|
|t:|1650746152
|switch|p1a: Tapu Lele|Tapu Lele|49/100 brn
|-damage|p1a: Tapu Lele|36/100 brn|[from] Stealth Rock
|-fieldstart|move: Psychic Terrain|[from] ability: Psychic Surge|[of] p1a: Tapu Lele
|move|p2a: Pufi|Draining Kiss|p1a: Tapu Lele
|-damage|p1a: Tapu Lele|24/100 brn
|-heal|p2a: Pufi|35/100|[from] drain|[of] p1a: Tapu Lele
|
|-heal|p2a: Pufi|41/100|[from] item: Leftovers
|-damage|p1a: Tapu Lele|18/100 brn|[from] brn
|upkeep
|turn|19
|inactive|Zokuru has 270 seconds left.
|inactive|SetsuStsna has 270 seconds left.
|
|t:|1650746196
|switch|p2a: Austin|Buzzwole|100/100
|-damage|p2a: Austin|88/100|[from] Stealth Rock
|move|p1a: Tapu Lele|Psyshock|p2a: Austin
|-supereffective|p2a: Austin
|-damage|p2a: Austin|6/100
|
|-damage|p1a: Tapu Lele|12/100 brn|[from] brn
|upkeep
|turn|20
|inactive|SetsuStsna has 270 seconds left.
|inactive|Zokuru has 240 seconds left.
|
|t:|1650746234
|switch|p1a: Slowbro|Slowbro, M|50/100 tox
|-damage|p1a: Slowbro|38/100 tox|[from] Stealth Rock
|move|p2a: Austin|Leech Life|p1a: Slowbro
|-supereffective|p1a: Slowbro
|-damage|p1a: Slowbro|0 fnt
|-heal|p2a: Austin|27/100|[from] drain|[of] p1a: Slowbro
|faint|p1a: Slowbro
|-ability|p2a: Austin|Beast Boost|boost
|-boost|p2a: Austin|atk|1
|
|upkeep
|
|t:|1650746239
|switch|p1a: Landorus|Landorus-Therian, M|94/100
|-damage|p1a: Landorus|82/100|[from] Stealth Rock
|-ability|p1a: Landorus|Intimidate|boost
|-unboost|p2a: Austin|atk|1
|turn|21
|
|t:|1650746260
|move|p2a: Austin|Leech Life|p1a: Landorus
|-resisted|p1a: Landorus
|-damage|p1a: Landorus|51/100
|-heal|p2a: Austin|44/100|[from] drain|[of] p1a: Landorus
|move|p1a: Landorus|Toxic|p2a: Austin
|-status|p2a: Austin|tox
|
|-heal|p1a: Landorus|57/100|[from] item: Leftovers
|-damage|p2a: Austin|38/100 tox|[from] psn
|upkeep
|turn|22
|inactive|Zokuru has 210 seconds left.
|
|t:|1650746285
|switch|p1a: Urshifu|Urshifu-Rapid-Strike, M|55/100
|-damage|p1a: Urshifu|49/100|[from] Stealth Rock
|move|p2a: Austin|Leech Life|p1a: Urshifu
|-resisted|p1a: Urshifu
|-damage|p1a: Urshifu|13/100
|-heal|p2a: Austin|55/100 tox|[from] drain|[of] p1a: Urshifu
|
|-damage|p2a: Austin|42/100 tox|[from] psn
|-fieldend|move: Psychic Terrain
|upkeep
|turn|23
|inactive|SetsuStsna has 270 seconds left.
|
|t:|1650746306
|move|p1a: Urshifu|Surging Strikes|p2a: Austin
|-crit|p2a: Austin
|-damage|p2a: Austin|29/100 tox
|-crit|p2a: Austin
|-damage|p2a: Austin|16/100 tox
|-crit|p2a: Austin
|-damage|p2a: Austin|2/100 tox
|-hitcount|p2a: Austin|3
|move|p2a: Austin|Leech Life|p1a: Urshifu
|-resisted|p1a: Urshifu
|-damage|p1a: Urshifu|0 fnt
|-heal|p2a: Austin|8/100 tox|[from] drain|[of] p1a: Urshifu
|faint|p1a: Urshifu
|-ability|p2a: Austin|Beast Boost|boost
|-boost|p2a: Austin|atk|1
|
|-damage|p2a: Austin|0 fnt|[from] psn
|faint|p2a: Austin
|upkeep
|inactive|SetsuStsna has 270 seconds left.
|inactive|Zokuru has 210 seconds left.
|
|t:|1650746323
|switch|p1a: Weavile|Weavile, M|100/100
|switch|p2a: Pufi|Tapu Fini, shiny|41/100
|-ability|p1a: Weavile|Pressure
|-damage|p2a: Pufi|28/100|[from] Stealth Rock
|-fieldstart|move: Misty Terrain|[from] ability: Misty Surge|[of] p2a: Pufi
|turn|24
|inactive|Zokuru has 210 seconds left.
|inactive|Zokuru has 180 seconds left.
|inactive|Zokuru has 150 seconds left.
|inactive|Zokuru has 120 seconds left.
|
|t:|1650746423
|switch|p1a: Tapu Lele|Tapu Lele|12/100 brn
|-damage|p1a: Tapu Lele|0 fnt|[from] Stealth Rock
|faint|p1a: Tapu Lele
|move|p2a: Pufi|Draining Kiss|p1: Tapu Lele|[notarget]
|-fail|p2a: Pufi
|
|-heal|p2a: Pufi|35/100|[from] item: Leftovers
|upkeep
|
|t:|1650746424
|switch|p1a: Landorus|Landorus-Therian, M|57/100
|-damage|p1a: Landorus|45/100|[from] Stealth Rock
|-ability|p1a: Landorus|Intimidate|boost
|-unboost|p2a: Pufi|atk|1
|turn|25
|
|t:|1650746433
|move|p2a: Pufi|Scald|p1a: Landorus
|-supereffective|p1a: Landorus
|-damage|p1a: Landorus|6/100
|-status|p1a: Landorus|brn
|move|p1a: Landorus|Earthquake|p2a: Pufi
|-damage|p2a: Pufi|19/100
|
|-heal|p2a: Pufi|25/100|[from] item: Leftovers
|-heal|p1a: Landorus|12/100 brn|[from] item: Leftovers
|-damage|p1a: Landorus|6/100 brn|[from] brn
|upkeep
|turn|26
|c|☆Zokuru|Weav won from there
|c|☆Zokuru|bruh
|
|t:|1650746445
|move|p2a: Pufi|Draining Kiss|p1a: Landorus
|-damage|p1a: Landorus|0 fnt
|-heal|p2a: Pufi|30/100|[from] drain|[of] p1a: Landorus
|faint|p1a: Landorus
|
|-heal|p2a: Pufi|36/100|[from] item: Leftovers
|upkeep
|
|t:|1650746448
|switch|p1a: Weavile|Weavile, M|100/100
|-ability|p1a: Weavile|Pressure
|turn|27
|c|☆SetsuStsna|how
|c|☆Zokuru|I tank dazz
|c|☆SetsuStsna|i have a 100% koko
|c|☆SetsuStsna|LMAO
|c|☆Zokuru|unless ur specs ?
|
|t:|1650746473
|move|p1a: Weavile|Swords Dance|p1a: Weavile
|-boost|p1a: Weavile|atk|2
|move|p2a: Pufi|Draining Kiss|p1a: Weavile
|-supereffective|p1a: Weavile
|-damage|p1a: Weavile|53/100
|-heal|p2a: Pufi|69/100|[from] drain|[of] p1a: Weavile
|
|-heal|p2a: Pufi|75/100|[from] item: Leftovers
|upkeep
|turn|28
|
|t:|1650746479
|move|p1a: Weavile|Swords Dance|p1a: Weavile
|-boost|p1a: Weavile|atk|2
|move|p2a: Pufi|Draining Kiss|p1a: Weavile
|-supereffective|p1a: Weavile
|-crit|p1a: Weavile
|-damage|p1a: Weavile|0 fnt
|-heal|p2a: Pufi|100/100|[from] drain|[of] p1a: Weavile
|faint|p1a: Weavile
|
|win|SetsuStsna
