|inactive|Battle timer is ON: inactive players will automatically lose when time's up.
|t:|1663524742
|gametype|singles
|player|p1|Adel19|265|
|player|p2|doc1203|morty|
|teamsize|p1|6
|teamsize|p2|6
|gen|8
|tier|[Gen 8] OU
|rule|Sleep Clause Mod: Limit one foe put to sleep
|rule|Species Clause: Limit one of each Pokémon
|rule|OHKO Clause: OHKO moves are banned
|rule|Evasion Items Clause: Evasion items are banned
|rule|Evasion Moves Clause: Evasion moves are banned
|rule|Endless Battle Clause: Forcing endless battles is banned
|rule|HP Percentage Mod: HP is shown in percentages
|rule|Dynamax Clause: You cannot dynamax
|clearpoke
|poke|p1|Landorus-Therian, M|
|poke|p1|Zeraora|
|poke|p1|Kartana|
|poke|p1|Tapu Fini|
|poke|p1|Blissey, F|
|poke|p1|Zapdos|
|poke|p2|Torkoal, M|
|poke|p2|Venusaur, M|
|poke|p2|Regieleki|
|poke|p2|Weavile, M|
|poke|p2|Heatran, M|
|poke|p2|Landorus-Therian, M|
|teampreview
|
|t:|1663524765
|start
|switch|p1a: Landorus|Landorus-Therian, M|100/100
|switch|p2a: Torkoal|Torkoal, M|100/100
|-ability|p1a: Landorus|Intimidate|boost
|-unboost|p2a: Torkoal|atk|1
|-weather|SunnyDay|[from] ability: Drought|[of] p2a: Torkoal
|turn|1
|
|t:|1663524786
|move|p1a: Landorus|Earthquake|p2a: Torkoal
|-supereffective|p2a: Torkoal
|-damage|p2a: Torkoal|16/100
|move|p2a: Torkoal|Overheat|p1a: Landorus
|-damage|p1a: Landorus|27/100
|-unboost|p2a: Torkoal|spa|2
|
|-weather|SunnyDay|[upkeep]
|upkeep
|turn|2
|inactive|doc1203 has 270 seconds left.
|inactive|Adel19 has 270 seconds left.
|inactive|Adel19 has 240 seconds left.
|
|t:|1663524852
|switch|p1a: Blissey|Blissey, F|100/100
|switch|p2a: Beach Time|Landorus-Therian, M|100/100
|-ability|p2a: Beach Time|Intimidate|boost
|-unboost|p1a: Blissey|atk|1
|
|-weather|SunnyDay|[upkeep]
|upkeep
|turn|3
|inactive|doc1203 has 270 seconds left.
|
|t:|1663524858
|move|p2a: Beach Time|Stealth Rock|p1a: Blissey
|-sidestart|p1: Adel19|move: Stealth Rock
|move|p1a: Blissey|Stealth Rock|p2a: Beach Time
|-sidestart|p2: doc1203|move: Stealth Rock
|
|-weather|SunnyDay|[upkeep]
|upkeep
|turn|4
|
|t:|1663524870
|switch|p1a: Landorus|Landorus-Therian, M|27/100
|-damage|p1a: Landorus|15/100|[from] Stealth Rock
|-ability|p1a: Landorus|Intimidate|boost
|-unboost|p2a: Beach Time|atk|1
|move|p2a: Beach Time|Toxic|p1a: Landorus
|-status|p1a: Landorus|tox
|
|-weather|SunnyDay|[upkeep]
|-damage|p1a: Landorus|9/100 tox|[from] psn
|upkeep
|turn|5
|
|t:|1663524877
|move|p1a: Landorus|Stone Edge|p2a: Beach Time|[miss]
|-miss|p1a: Landorus|p2a: Beach Time
|move|p2a: Beach Time|U-turn|p1a: Landorus
|-resisted|p1a: Landorus
|-damage|p1a: Landorus|0 fnt
|faint|p1a: Landorus
|inactive|doc1203 has 270 seconds left.
|
|t:|1663524898
|switch|p2a: Venusaur|Venusaur, M|100/100|[from]move: U-turn
|-damage|p2a: Venusaur|88/100|[from] Stealth Rock
|
|-weather|SunnyDay|[upkeep]
|upkeep
|
|t:|1663524911
|switch|p1a: Zapdos|Zapdos|100/100
|turn|6
|
|t:|1663524920
|move|p2a: Venusaur|Growth|p2a: Venusaur
|-boost|p2a: Venusaur|atk|2
|-boost|p2a: Venusaur|spa|2
|move|p1a: Zapdos|Hurricane|p2a: Venusaur
|-supereffective|p2a: Venusaur
|-damage|p2a: Venusaur|0 fnt
|faint|p2a: Venusaur
|
|-weather|SunnyDay|[upkeep]
|upkeep
|c|☆doc1203|yeah i kinda deserved that
|
|t:|1663524929
|switch|p2a: Heatran|Heatran, M|100/100
|-damage|p2a: Heatran|88/100|[from] Stealth Rock
|-item|p2a: Heatran|Air Balloon
|turn|7
|inactive|Adel19 has 270 seconds left.
|
|t:|1663524966
|switch|p1a: Blissey|Blissey, F|100/100
|move|p2a: Heatran|Eruption|p1a: Blissey
|-damage|p1a: Blissey|66/100
|
|-weather|SunnyDay|[upkeep]
|upkeep
|turn|8
|inactive|doc1203 has 270 seconds left.
|
|t:|1663524994
|move|p2a: Heatran|Eruption|p1a: Blissey
|-damage|p1a: Blissey|30/100
|move|p1a: Blissey|Soft-Boiled|p1a: Blissey
|-heal|p1a: Blissey|80/100
|
|-weather|none
|upkeep
|turn|9
|
|t:|1663525001
|switch|p2a: Beach Time|Landorus-Therian, M|100/100
|-damage|p2a: Beach Time|88/100|[from] Stealth Rock
|-ability|p2a: Beach Time|Intimidate|boost
|-unboost|p1a: Blissey|atk|1
|move|p1a: Blissey|Seismic Toss|p2a: Beach Time
|-damage|p2a: Beach Time|62/100
|
|-heal|p2a: Beach Time|68/100|[from] item: Leftovers
|upkeep
|turn|10
|
|t:|1663525013
|move|p2a: Beach Time|U-turn|p1a: Blissey
|-damage|p1a: Blissey|61/100
|inactive|doc1203 has 270 seconds left.
|
|t:|1663525036
|switch|p2a: Weavile|Weavile, M|100/100|[from]move: U-turn
|move|p1a: Blissey|Toxic|p2a: Weavile
|-status|p2a: Weavile|tox
|
|-damage|p2a: Weavile|94/100 tox|[from] psn
|upkeep
|turn|11
|
|t:|1663525042
|switch|p1a: Tapu Fini|Tapu Fini|100/100
|-damage|p1a: Tapu Fini|88/100|[from] Stealth Rock
|-fieldstart|move: Misty Terrain|[from] ability: Misty Surge|[of] p1a: Tapu Fini
|move|p2a: Weavile|Knock Off|p1a: Tapu Fini
|-resisted|p1a: Tapu Fini
|-damage|p1a: Tapu Fini|71/100
|-enditem|p1a: Tapu Fini|Leftovers|[from] move: Knock Off|[of] p2a: Weavile
|
|-damage|p2a: Weavile|82/100 tox|[from] psn
|upkeep
|turn|12
|inactive|doc1203 has 270 seconds left.
|
|t:|1663525053
|switch|p2a: Torkoal|Torkoal, M|16/100
|-damage|p2a: Torkoal|0 fnt|[from] Stealth Rock
|faint|p2a: Torkoal
|move|p1a: Tapu Fini|Moonblast|p2: Torkoal|[notarget]
|-fail|p1a: Tapu Fini
|
|upkeep
|
|t:|1663525057
|switch|p2a: Regieleki|Regieleki, shiny|100/100
|turn|13
|
|t:|1663525059
|switch|p1a: Zeraora|Zeraora|100/100
|move|p2a: Regieleki|Rapid Spin|p1a: Zeraora
|-damage|p1a: Zeraora|88/100
|-boost|p2a: Regieleki|spe|1
|-sideend|p2: doc1203|Stealth Rock|[from] move: Rapid Spin|[of] p2a: Regieleki
|
|upkeep
|turn|14
|
|t:|1663525071
|switch|p2a: Beach Time|Landorus-Therian, M|68/100
|-ability|p2a: Beach Time|Intimidate|boost
|-unboost|p1a: Zeraora|atk|1
|move|p1a: Zeraora|Knock Off|p2a: Beach Time
|-damage|p2a: Beach Time|47/100
|-enditem|p2a: Beach Time|Leftovers|[from] move: Knock Off|[of] p1a: Zeraora
|
|upkeep
|turn|15
|
|t:|1663525081
|switch|p1a: Zapdos|Zapdos|100/100
|move|p2a: Beach Time|U-turn|p1a: Zapdos
|-resisted|p1a: Zapdos
|-damage|p1a: Zapdos|92/100
|-status|p2a: Beach Time|par|[from] ability: Static|[of] p1a: Zapdos
|
|t:|1663525083
|switch|p2a: Weavile|Weavile, M|82/100 tox|[from]move: U-turn
|
|-damage|p2a: Weavile|76/100 tox|[from] psn
|-fieldend|Misty Terrain
|upkeep
|turn|16
|
|t:|1663525088
|move|p2a: Weavile|Triple Axel|p1a: Zapdos|[miss]
|-miss|p2a: Weavile|p1a: Zapdos
|move|p1a: Zapdos|Volt Switch|p2a: Weavile
|-crit|p2a: Weavile
|-damage|p2a: Weavile|20/100 tox
|c|☆doc1203|Lol
|c|☆Adel19|Sorry
|
|t:|1663525107
|switch|p1a: Zeraora|Zeraora|88/100|[from]move: Volt Switch
|
|-damage|p2a: Weavile|8/100 tox|[from] psn
|upkeep
|turn|17
|c|☆doc1203|its ok
|c|☆doc1203|this match ahs been weird
|
|t:|1663525119
|move|p2a: Weavile|Ice Shard|p1a: Zeraora
|-damage|p1a: Zeraora|58/100
|move|p1a: Zeraora|Close Combat|p2a: Weavile
|-supereffective|p2a: Weavile
|-damage|p2a: Weavile|0 fnt
|-unboost|p1a: Zeraora|def|1
|-unboost|p1a: Zeraora|spd|1
|faint|p2a: Weavile
|
|upkeep
|
|t:|1663525125
|switch|p2a: Beach Time|Landorus-Therian, M|47/100 par
|-ability|p2a: Beach Time|Intimidate|boost
|-unboost|p1a: Zeraora|atk|1
|turn|18
|
|t:|1663525129
|switch|p1a: Zapdos|Zapdos|92/100
|cant|p2a: Beach Time|par
|
|upkeep
|turn|19
|c|☆doc1203|wait i got parad too
|c|☆doc1203|wow
|
|t:|1663525142
|move|p1a: Zapdos|Hurricane|p2a: Beach Time
|-crit|p2a: Beach Time
|-damage|p2a: Beach Time|0 fnt
|faint|p2a: Beach Time
|
|upkeep
|c|☆doc1203|this is a game 
|c|☆Adel19|Oh god
|
|t:|1663525153
|switch|p2a: Heatran|Heatran, M|88/100
|-item|p2a: Heatran|Air Balloon
|turn|20
|c|☆doc1203|GG
|c|☆Adel19|Gg
|
|t:|1663525183
|move|p2a: Heatran|Eruption|p1a: Zapdos
|-damage|p1a: Zapdos|29/100
|move|p1a: Zapdos|Volt Switch|p2a: Heatran
|-damage|p2a: Heatran|57/100
|-enditem|p2a: Heatran|Air Balloon
|
|t:|1663525188
|switch|p1a: Tapu Fini|Tapu Fini|71/100|[from]move: Volt Switch
|-damage|p1a: Tapu Fini|58/100|[from] Stealth Rock
|-fieldstart|move: Misty Terrain|[from] ability: Misty Surge|[of] p1a: Tapu Fini
|
|upkeep
|turn|21
|
|t:|1663525197
|move|p2a: Heatran|Flash Cannon|p1a: Tapu Fini
|-damage|p1a: Tapu Fini|23/100
|move|p1a: Tapu Fini|Surf|p2a: Heatran
|-supereffective|p2a: Heatran
|-damage|p2a: Heatran|0 fnt
|faint|p2a: Heatran
|
|upkeep
|
|t:|1663525199
|switch|p2a: Regieleki|Regieleki, shiny|100/100
|turn|22
|
|t:|1663525203
|move|p2a: Regieleki|Electro Ball|p1a: Tapu Fini
|-supereffective|p1a: Tapu Fini
|-damage|p1a: Tapu Fini|0 fnt
|faint|p1a: Tapu Fini
|
|upkeep
|
|t:|1663525211
|switch|p1a: Zeraora|Zeraora|58/100
|turn|23
|
|t:|1663525222
|move|p2a: Regieleki|Ancient Power|p1a: Zeraora
|-damage|p1a: Zeraora|36/100
|move|p1a: Zeraora|Knock Off|p2a: Regieleki
|-damage|p2a: Regieleki|46/100
|-enditem|p2a: Regieleki|Heavy-Duty Boots|[from] move: Knock Off|[of] p1a: Zeraora
|
|upkeep
|turn|24
|
|t:|1663525227
|move|p2a: Regieleki|Ancient Power|p1a: Zeraora
|-damage|p1a: Zeraora|15/100
|move|p1a: Zeraora|Close Combat|p2a: Regieleki
|-damage|p2a: Regieleki|0 fnt
|-unboost|p1a: Zeraora|def|1
|-unboost|p1a: Zeraora|spd|1
|faint|p2a: Regieleki
|
|win|Adel19
