|inactive|Battle timer is ON: inactive players will automatically lose when time's up.
|t:|1648904866
|gametype|singles
|player|p1|GreenTea570|lance|
|player|p2|SetsuStsna|dawn-gen4pt|
|teamsize|p1|6
|teamsize|p2|6
|gen|8
|tier|[Gen 8] OU
|rule|Sleep Clause Mod: Limit one foe put to sleep
|rule|Species Clause: Limit one of each Pokémon
|rule|OHKO Clause: OHKO moves are banned
|rule|Evasion Moves Clause: Evasion moves are banned
|rule|Endless Battle Clause: Forcing endless battles is banned
|rule|HP Percentage Mod: HP is shown in percentages
|rule|Dynamax Clause: You cannot dynamax
|clearpoke
|poke|p1|Landorus-Therian, M|
|poke|p1|Ferrothorn, M|
|poke|p1|Urshifu-*, F|
|poke|p1|Victini|
|poke|p1|Weavile, M|
|poke|p1|Tapu Koko|
|poke|p2|Kartana|
|poke|p2|Dragapult, M|
|poke|p2|Slowbro-Galar, F|
|poke|p2|Registeel|
|poke|p2|Zoroark, F|
|poke|p2|Garchomp, F|
|teampreview
|c|☆GreenTea570|Glhf!
|c|☆SetsuStsna|hf
|inactive|GreenTea570 has 270 seconds left.
|inactive|GreenTea570 has 240 seconds left.
|
|t:|1648904931
|start
|switch|p1a: Weavile|Weavile, M|100/100
|switch|p2a: Zero|Dragapult, M, shiny|100/100
|-ability|p1a: Weavile|Pressure
|turn|1
|inactive|SetsuStsna has 270 seconds left.
|
|t:|1648904961
|switch|p1a: Landorus|Landorus-Therian, M|100/100
|-ability|p1a: Landorus|Intimidate|boost
|-unboost|p2a: Zero|atk|1
|move|p2a: Zero|Reflect|p2a: Zero
|-sidestart|p2: SetsuStsna|Reflect
|
|upkeep
|turn|2
|
|t:|1648904971
|move|p2a: Zero|Curse|p1a: Landorus
|-start|p1a: Landorus|Curse|[of] p2a: Zero
|-damage|p2a: Zero|51/100
|move|p1a: Landorus|Stealth Rock|p2a: Zero
|-sidestart|p2: SetsuStsna|move: Stealth Rock
|
|-damage|p1a: Landorus|76/100|[from] Curse
|upkeep
|turn|3
|
|t:|1648904981
|move|p2a: Zero|Light Screen|p2a: Zero
|-sidestart|p2: SetsuStsna|move: Light Screen
|move|p1a: Landorus|U-turn|p2a: Zero
|-resisted|p2a: Zero
|-damage|p2a: Zero|45/100
|
|t:|1648904990
|switch|p1a: Weavile|Weavile, M|100/100|[from]move: U-turn
|-ability|p1a: Weavile|Pressure
|
|upkeep
|turn|4
|
|t:|1648904994
|move|p2a: Zero|Thunder Wave|p1a: Weavile
|-status|p1a: Weavile|par
|cant|p1a: Weavile|par
|
|upkeep
|turn|5
|
|t:|1648905001
|move|p2a: Zero|Curse|p1a: Weavile
|-start|p1a: Weavile|Curse|[of] p2a: Zero
|-damage|p2a: Zero|0 fnt
|faint|p2a: Zero
|move|p1a: Weavile|Knock Off|p2: Zero|[notarget]
|-fail|p1a: Weavile
|
|-damage|p1a: Weavile|76/100 par|[from] Curse
|upkeep
|
|t:|1648905015
|switch|p2a: Kallen|Registeel|100/100
|-damage|p2a: Kallen|94/100|[from] Stealth Rock
|turn|6
|
|t:|1648905020
|switch|p1a: Victini|Victini|100/100
|move|p2a: Kallen|Iron Defense|p2a: Kallen
|-boost|p2a: Kallen|def|2
|
|-heal|p2a: Kallen|100/100|[from] item: Leftovers
|upkeep
|turn|7
|
|t:|1648905025
|move|p1a: Victini|Encore|p2a: Kallen
|-start|p2a: Kallen|Encore
|move|p2a: Kallen|Iron Defense|p2a: Kallen
|-boost|p2a: Kallen|def|2
|
|upkeep
|turn|8
|
|t:|1648905030
|switch|p1a: Urshifu|Urshifu-Rapid-Strike, F|100/100
|switch|p2a: Nunnally|Garchomp, F|100/100
|-damage|p2a: Nunnally|94/100|[from] Stealth Rock
|
|-sideend|p2: SetsuStsna|Reflect
|upkeep
|turn|9
|
|t:|1648905039
|move|p2a: Nunnally|Swords Dance|p2a: Nunnally
|-boost|p2a: Nunnally|atk|2
|move|p1a: Urshifu|U-turn|p2a: Nunnally
|-damage|p2a: Nunnally|60/100
|-damage|p1a: Urshifu|88/100|[from] ability: Rough Skin|[of] p2a: Nunnally
|
|t:|1648905047
|switch|p1a: Weavile|Weavile, M|76/100 par|[from]move: U-turn
|-ability|p1a: Weavile|Pressure
|
|upkeep
|turn|10
|
|t:|1648905054
|move|p1a: Weavile|Ice Shard|p2a: Nunnally
|-supereffective|p2a: Nunnally
|-damage|p2a: Nunnally|0 fnt
|faint|p2a: Nunnally
|
|-sideend|p2: SetsuStsna|move: Light Screen
|upkeep
|
|t:|1648905059
|switch|p2a: C.C.|Slowbro-Galar, F|100/100
|-damage|p2a: C.C.|88/100|[from] Stealth Rock
|turn|11
|
|t:|1648905071
|move|p2a: C.C.|Memento|p1a: Weavile
|-unboost|p1a: Weavile|atk|2
|-unboost|p1a: Weavile|spa|2
|faint|p2a: C.C.
|move|p1a: Weavile|Knock Off|p2: Lelouch|[notarget]
|-fail|p1a: Weavile
|
|upkeep
|
|t:|1648905074
|switch|p2a: Suzaku|Kartana, shiny|100/100
|-damage|p2a: Suzaku|94/100|[from] Stealth Rock
|turn|12
|
|t:|1648905092
|switch|p1a: Ferrothorn|Ferrothorn, M|100/100
|move|p2a: Suzaku|Swords Dance|p2a: Suzaku
|-boost|p2a: Suzaku|atk|2
|
|upkeep
|turn|13
|
|t:|1648905097
|move|p2a: Suzaku|Swords Dance|p2a: Suzaku
|-boost|p2a: Suzaku|atk|2
|move|p1a: Ferrothorn|Body Press|p2a: Suzaku
|-supereffective|p2a: Suzaku
|-damage|p2a: Suzaku|27/100
|
|upkeep
|turn|14
|
|t:|1648905109
|move|p2a: Suzaku|Knock Off|p1a: Ferrothorn
|-damage|p1a: Ferrothorn|33/100
|-damage|p2a: Suzaku|14/100|[from] ability: Iron Barbs|[of] p1a: Ferrothorn
|-damage|p2a: Suzaku|0 fnt|[from] item: Rocky Helmet|[of] p1a: Ferrothorn
|faint|p2a: Suzaku
|move|p1a: Ferrothorn|Spikes|p2: Suzaku
|-sidestart|p2: SetsuStsna|Spikes
|
|upkeep
|
|t:|1648905111
|switch|p2a: C.C.|Slowbro-Galar, F|100/100
|-damage|p2a: C.C.|88/100|[from] Stealth Rock
|-damage|p2a: C.C.|76/100|[from] Spikes
|turn|15
|-activate|p2a: C.C.|item: Quick Claw
|
|t:|1648905120
|move|p2a: C.C.|Belly Drum|p2a: C.C.
|-damage|p2a: C.C.|26/100
|-setboost|p2a: C.C.|atk|6|[from] move: Belly Drum
|move|p1a: Ferrothorn|Knock Off|p2a: C.C.
|-supereffective|p2a: C.C.
|-damage|p2a: C.C.|0 fnt
|-enditem|p2a: C.C.|Quick Claw|[from] move: Knock Off|[of] p1a: Ferrothorn
|faint|p2a: C.C.
|
|upkeep
|
|t:|1648905123
|switch|p2a: Kallen|Registeel|100/100
|-damage|p2a: Kallen|94/100|[from] Stealth Rock
|-damage|p2a: Kallen|82/100|[from] Spikes
|turn|16
|
|t:|1648905135
|switch|p1a: Victini|Victini|100/100
|move|p2a: Kallen|Iron Defense|p2a: Kallen
|-boost|p2a: Kallen|def|2
|
|-heal|p2a: Kallen|88/100|[from] item: Leftovers
|upkeep
|turn|17
|
|t:|1648905140
|move|p1a: Victini|Encore|p2a: Kallen
|-start|p2a: Kallen|Encore
|move|p2a: Kallen|Iron Defense|p2a: Kallen
|-boost|p2a: Kallen|def|2
|
|-heal|p2a: Kallen|94/100|[from] item: Leftovers
|upkeep
|turn|18
|
|t:|1648905144
|move|p1a: Victini|U-turn|p2a: Kallen
|-resisted|p2a: Kallen
|-damage|p2a: Kallen|93/100
|
|t:|1648905148
|switch|p1a: Urshifu|Urshifu-Rapid-Strike, F|88/100|[from]move: U-turn
|move|p2a: Kallen|Iron Defense|p2a: Kallen
|-boost|p2a: Kallen|def|2
|
|-heal|p2a: Kallen|99/100|[from] item: Leftovers
|upkeep
|turn|19
|
|t:|1648905150
|move|p1a: Urshifu|Surging Strikes|p2a: Kallen
|-crit|p2a: Kallen
|-damage|p2a: Kallen|84/100
|-crit|p2a: Kallen
|-damage|p2a: Kallen|69/100
|-crit|p2a: Kallen
|-damage|p2a: Kallen|54/100
|-hitcount|p2a: Kallen|3
|move|p2a: Kallen|Iron Defense|p2a: Kallen
|-boost|p2a: Kallen|def|0
|
|-heal|p2a: Kallen|60/100|[from] item: Leftovers
|-end|p2a: Kallen|Encore
|upkeep
|turn|20
|
|t:|1648905158
|move|p1a: Urshifu|Surging Strikes|p2a: Kallen
|-crit|p2a: Kallen
|-damage|p2a: Kallen|45/100
|-crit|p2a: Kallen
|-damage|p2a: Kallen|30/100
|-crit|p2a: Kallen
|-damage|p2a: Kallen|15/100
|-hitcount|p2a: Kallen|3
|move|p2a: Kallen|Body Press|p1a: Urshifu
|-damage|p1a: Urshifu|0 fnt
|faint|p1a: Urshifu
|
|-heal|p2a: Kallen|21/100|[from] item: Leftovers
|upkeep
|
|t:|1648905167
|switch|p1a: Tapu Koko|Tapu Koko|100/100
|-fieldstart|move: Electric Terrain|[from] ability: Electric Surge|[of] p1a: Tapu Koko
|turn|21
|
|t:|1648905172
|move|p1a: Tapu Koko|Thunderbolt|p2a: Kallen
|-damage|p2a: Kallen|0 fnt
|faint|p2a: Kallen
|
|win|GreenTea570
|c|☆GreenTea570|Gg
|c|☆SetsuStsna|gg
