|inactive|Battle timer is ON: inactive players will automatically lose when time's up.
|t:|1635703829
|gametype|singles
|player|p1|gaijineagle|265|
|player|p2|Weird mon|102|
|teamsize|p1|6
|teamsize|p2|6
|gen|8
|tier|[Gen 8] OU
|rule|Sleep Clause Mod: Limit one foe put to sleep
|rule|Species Clause: Limit one of each Pokémon
|rule|OHKO Clause: OHKO moves are banned
|rule|Evasion Moves Clause: Evasion moves are banned
|rule|Endless Battle Clause: Forcing endless battles is banned
|rule|HP Percentage Mod: HP is shown in percentages
|rule|Dynamax Clause: You cannot dynamax
|clearpoke
|poke|p1|Landorus-Therian, M|
|poke|p1|Kyurem|
|poke|p1|Urshifu-*, M|
|poke|p1|Zapdos-Galar|
|poke|p1|Buzzwole|
|poke|p1|Aegislash, M|
|poke|p2|Tapu Lele|
|poke|p2|Victini|
|poke|p2|Landorus-Therian, M|
|poke|p2|Kartana|
|poke|p2|Melmetal|
|poke|p2|Dragapult, F|
|teampreview
|c|☆Weird mon|hf'
|c|☆Weird mon|ty for waiting
|c|☆gaijineagle|u2 bro
|inactive|gaijineagle has 270 seconds left.
|
|t:|1635703883
|start
|switch|p1a: Kyurem|Kyurem, shiny|100/100
|switch|p2a: Victini|Victini|100/100
|-ability|p1a: Kyurem|Pressure
|turn|1
|inactive|Weird mon has 270 seconds left.
|inactive|gaijineagle has 270 seconds left.
|
|t:|1635703931
|switch|p2a: Melmetal|Melmetal|100/100
|move|p1a: Kyurem|Earth Power|p2a: Melmetal
|-supereffective|p2a: Melmetal
|-damage|p2a: Melmetal|63/100
|
|upkeep
|turn|2
|inactive|gaijineagle has 270 seconds left.
|
|t:|1635703970
|switch|p1a: Buzzwole|Buzzwole|100/100
|move|p2a: Melmetal|Double Iron Bash|p1a: Buzzwole
|-damage|p1a: Buzzwole|79/100
|-damage|p2a: Melmetal|46/100|[from] item: Rocky Helmet|[of] p1a: Buzzwole
|-crit|p1a: Buzzwole
|-damage|p1a: Buzzwole|48/100
|-damage|p2a: Melmetal|30/100|[from] item: Rocky Helmet|[of] p1a: Buzzwole
|-hitcount|p1a: Buzzwole|2
|
|upkeep
|turn|3
|inactive|Weird mon has 240 seconds left.
|inactive|gaijineagle has 240 seconds left.
|
|t:|1635704014
|switch|p2a: Victini|Victini|100/100
|move|p1a: Buzzwole|Roost|p1a: Buzzwole
|-heal|p1a: Buzzwole|98/100
|-singleturn|p1a: Buzzwole|move: Roost
|
|upkeep
|turn|4
|inactive|gaijineagle has 240 seconds left.
|inactive|gaijineagle has 210 seconds left.
|inactive|gaijineagle has 180 seconds left.
|inactive|gaijineagle has 150 seconds left.
|c|☆gaijineagle|sorry, baby started crying, I'm back now
|c|☆Weird mon|np
|
|t:|1635704143
|switch|p1a: Zapdos|Zapdos-Galar|100/100
|move|p2a: Victini|Expanding Force|p1a: Zapdos
|-supereffective|p1a: Zapdos
|-damage|p1a: Zapdos|15/100
|
|upkeep
|turn|5
|inactive|Weird mon has 210 seconds left.
|
|t:|1635704175
|move|p2a: Victini|Expanding Force|p1a: Zapdos
|-supereffective|p1a: Zapdos
|-damage|p1a: Zapdos|0 fnt
|faint|p1a: Zapdos
|
|upkeep
|
|t:|1635704178
|switch|p1a: Urshifu|Urshifu-Rapid-Strike, M|100/100
|turn|6
|
|t:|1635704190
|switch|p2a: Kartana|Kartana|100/100
|move|p1a: Urshifu|U-turn|p2a: Kartana
|-damage|p2a: Kartana|63/100
|
|t:|1635704195
|switch|p1a: Buzzwole|Buzzwole|98/100|[from]move: U-turn
|
|upkeep
|turn|7
|
|t:|1635704201
|move|p2a: Kartana|Aerial Ace|p1a: Buzzwole
|-supereffective|p1a: Buzzwole
|-damage|p1a: Buzzwole|45/100
|-damage|p2a: Kartana|46/100|[from] item: Rocky Helmet|[of] p1a: Buzzwole
|move|p1a: Buzzwole|Toxic|p2a: Kartana
|-immune|p2a: Kartana
|
|upkeep
|turn|8
|
|t:|1635704216
|switch|p2a: Victini|Victini|100/100
|switch|p1a: Landorus|Landorus-Therian, M|100/100
|-ability|p1a: Landorus|Intimidate|boost
|-unboost|p2a: Victini|atk|1
|
|upkeep
|turn|9
|
|t:|1635704220
|move|p2a: Victini|Glaciate|p1a: Landorus
|-supereffective|p1a: Landorus
|-damage|p1a: Landorus|42/100
|-unboost|p1a: Landorus|spe|1
|move|p1a: Landorus|Earthquake|p2a: Victini
|-supereffective|p2a: Victini
|-damage|p2a: Victini|0 fnt
|faint|p2a: Victini
|
|-heal|p1a: Landorus|48/100|[from] item: Leftovers
|upkeep
|
|t:|1635704239
|switch|p2a: Tapu Lele|Tapu Lele|100/100
|-fieldstart|move: Psychic Terrain|[from] ability: Psychic Surge|[of] p2a: Tapu Lele
|turn|10
|
|t:|1635704247
|move|p2a: Tapu Lele|Psyshock|p1a: Landorus
|-damage|p1a: Landorus|0 fnt
|faint|p1a: Landorus
|
|upkeep
|
|t:|1635704249
|switch|p1a: Aegislash|Aegislash, M, shiny|100/100
|turn|11
|inactive|Weird mon has 240 seconds left.
|
|t:|1635704279
|switch|p2a: Melmetal|Melmetal|30/100
|-formechange|p1a: Aegislash|Aegislash-Blade||[from] ability: Stance Change
|move|p1a: Aegislash|Shadow Ball|p2a: Melmetal
|-damage|p2a: Melmetal|0 fnt
|faint|p2a: Melmetal
|
|upkeep
|
|t:|1635704281
|switch|p2a: Landorus|Landorus-Therian, M|100/100
|-ability|p2a: Landorus|Intimidate|boost
|-unboost|p1a: Aegislash|atk|1
|turn|12
|
|t:|1635704289
|switch|p1a: Buzzwole|Buzzwole|45/100
|move|p2a: Landorus|Earthquake|p1a: Buzzwole
|-resisted|p1a: Buzzwole
|-damage|p1a: Buzzwole|29/100
|
|upkeep
|turn|13
|inactive|Weird mon has 240 seconds left.
|
|t:|1635704298
|switch|p2a: Dragapult|Dragapult, F|100/100
|move|p1a: Buzzwole|Roost|p1a: Buzzwole
|-heal|p1a: Buzzwole|79/100
|-singleturn|p1a: Buzzwole|move: Roost
|
|upkeep
|turn|14
|
|t:|1635704307
|move|p2a: Dragapult|Draco Meteor|p1a: Buzzwole
|-crit|p1a: Buzzwole
|-damage|p1a: Buzzwole|0 fnt
|-unboost|p2a: Dragapult|spa|2
|faint|p1a: Buzzwole
|
|-fieldend|move: Psychic Terrain
|upkeep
|
|t:|1635704310
|switch|p1a: Kyurem|Kyurem, shiny|100/100
|-ability|p1a: Kyurem|Pressure
|turn|15
|
|t:|1635704314
|switch|p2a: Tapu Lele|Tapu Lele|100/100
|-fieldstart|move: Psychic Terrain|[from] ability: Psychic Surge|[of] p2a: Tapu Lele
|move|p1a: Kyurem|Ice Beam|p2a: Tapu Lele
|-damage|p2a: Tapu Lele|47/100
|
|upkeep
|turn|16
|
|t:|1635704319
|move|p1a: Kyurem|Ice Beam|p2a: Tapu Lele
|-damage|p2a: Tapu Lele|0 fnt
|faint|p2a: Tapu Lele
|
|upkeep
|
|t:|1635704324
|switch|p2a: Dragapult|Dragapult, F|100/100
|turn|17
|
|t:|1635704329
|move|p1a: Kyurem|Ice Beam|p2a: Dragapult
|-supereffective|p2a: Dragapult
|-damage|p2a: Dragapult|0 fnt
|faint|p2a: Dragapult
|
|upkeep
|
|t:|1635704331
|switch|p2a: Kartana|Kartana|46/100
|turn|18
|
|t:|1635704338
|switch|p1a: Urshifu|Urshifu-Rapid-Strike, M|100/100
|move|p2a: Kartana|Smart Strike|p1a: Urshifu
|-resisted|p1a: Urshifu
|-damage|p1a: Urshifu|79/100
|
|upkeep
|turn|19
|
|t:|1635704341
|move|p2a: Kartana|Smart Strike|p1a: Urshifu
|-resisted|p1a: Urshifu
|-damage|p1a: Urshifu|56/100
|move|p1a: Urshifu|Close Combat|p2a: Kartana
|-supereffective|p2a: Kartana
|-damage|p2a: Kartana|0 fnt
|-unboost|p1a: Urshifu|def|1
|-unboost|p1a: Urshifu|spd|1
|faint|p2a: Kartana
|
|-fieldend|move: Psychic Terrain
|upkeep
|
|t:|1635704344
|switch|p2a: Landorus|Landorus-Therian, M|100/100
|-ability|p2a: Landorus|Intimidate|boost
|-unboost|p1a: Urshifu|atk|1
|turn|20
|
|t:|1635704347
|switch|p1a: Aegislash|Aegislash, M, shiny|100/100
|move|p2a: Landorus|Rock Polish|p2a: Landorus
|-boost|p2a: Landorus|spe|2
|
|upkeep
|turn|21
|
|t:|1635704359
|-formechange|p1a: Aegislash|Aegislash-Blade||[from] ability: Stance Change
|move|p1a: Aegislash|Shadow Sneak|p2a: Landorus
|-damage|p2a: Landorus|82/100
|move|p2a: Landorus|Stealth Rock|p1a: Aegislash
|-sidestart|p1: gaijineagle|move: Stealth Rock
|
|upkeep
|turn|22
|
|t:|1635704362
|move|p1a: Aegislash|Shadow Sneak|p2a: Landorus
|-damage|p2a: Landorus|63/100
|move|p2a: Landorus|Earthquake|p1a: Aegislash
|-supereffective|p1a: Aegislash
|-damage|p1a: Aegislash|0 fnt
|faint|p1a: Aegislash
|
|upkeep
|
|t:|1635704366
|switch|p1a: Urshifu|Urshifu-Rapid-Strike, M|56/100
|-damage|p1a: Urshifu|50/100|[from] Stealth Rock
|turn|23
|
|t:|1635704370
|move|p1a: Urshifu|Aqua Jet|p2a: Landorus
|-supereffective|p2a: Landorus
|-damage|p2a: Landorus|0 fnt
|faint|p2a: Landorus
|
|win|gaijineagle
|c|☆Weird mon|gg
|c|☆gaijineagle|gg
