|inactive|Battle timer is ON: inactive players will automatically lose when time's up.
|t:|1664115417
|gametype|singles
|player|p1|Navys_1|pokemaniac|
|player|p2|taki1223|170|
|teamsize|p1|6
|teamsize|p2|6
|gen|8
|tier|[Gen 8] OU
|rule|Sleep Clause Mod: Limit one foe put to sleep
|rule|Species Clause: Limit one of each Pokémon
|rule|OHKO Clause: OHKO moves are banned
|rule|Evasion Items Clause: Evasion items are banned
|rule|Evasion Moves Clause: Evasion moves are banned
|rule|Endless Battle Clause: Forcing endless battles is banned
|rule|HP Percentage Mod: HP is shown in percentages
|rule|Dynamax Clause: You cannot dynamax
|clearpoke
|poke|p1|Pelipper, M|
|poke|p1|Ferrothorn, M|
|poke|p1|Zapdos|
|poke|p1|Barraskewda, M|
|poke|p1|Seismitoad, F|
|poke|p1|Crawdaunt, M|
|poke|p2|Slowbro, F|
|poke|p2|Urshifu-*, M|
|poke|p2|Landorus-Therian, M|
|poke|p2|Blissey, F|
|poke|p2|Rillaboom, F|
|poke|p2|Tapu Lele|
|teampreview
|inactive|taki1223 has 270 seconds left.
|
|t:|1664115462
|start
|switch|p1a: Tyrarensis|Pelipper, M, shiny|100/100
|switch|p2a: Slowbro|Slowbro, F|100/100
|-weather|RainDance|[from] ability: Drizzle|[of] p1a: Tyrarensis
|turn|1
|
|t:|1664115469
|move|p1a: Tyrarensis|U-turn|p2a: Slowbro
|-supereffective|p2a: Slowbro
|-damage|p2a: Slowbro|90/100
|-damage|p1a: Tyrarensis|84/100|[from] item: Rocky Helmet|[of] p2a: Slowbro
|
|t:|1664115489
|switch|p1a: Surricane Bouxii|Zapdos, shiny|100/100|[from]move: U-turn
|move|p2a: Slowbro|Toxic|p1a: Surricane Bouxii
|-status|p1a: Surricane Bouxii|tox
|
|-weather|RainDance|[upkeep]
|-damage|p1a: Surricane Bouxii|94/100 tox|[from] psn
|upkeep
|turn|2
|
|t:|1664115507
|switch|p2a: Blissey|Blissey, F|100/100
|move|p1a: Surricane Bouxii|Volt Switch|p2a: Blissey
|-damage|p2a: Blissey|87/100
|
|t:|1664115513
|switch|p1a: Bossvette|Crawdaunt, M|100/100|[from]move: Volt Switch
|
|-weather|RainDance|[upkeep]
|-heal|p2a: Blissey|93/100|[from] item: Leftovers
|upkeep
|turn|3
|inactive|Navys_1 has 270 seconds left.
|
|t:|1664115549
|switch|p2a: Urshifu|Urshifu-Rapid-Strike, M|100/100
|move|p1a: Bossvette|Knock Off|p2a: Urshifu
|-resisted|p2a: Urshifu
|-damage|p2a: Urshifu|54/100
|-enditem|p2a: Urshifu|Choice Band|[from] move: Knock Off|[of] p1a: Bossvette
|-damage|p1a: Bossvette|91/100|[from] item: Life Orb
|
|-weather|RainDance|[upkeep]
|upkeep
|turn|4
|inactive|Navys_1 has 240 seconds left.
|
|t:|1664115576
|switch|p1a: Surricane Bouxii|Zapdos, shiny|94/100 tox
|move|p2a: Urshifu|Surging Strikes|p1a: Surricane Bouxii
|-crit|p1a: Surricane Bouxii
|-damage|p1a: Surricane Bouxii|56/100 tox
|-crit|p1a: Surricane Bouxii
|-damage|p1a: Surricane Bouxii|16/100 tox
|-crit|p1a: Surricane Bouxii
|-damage|p1a: Surricane Bouxii|0 fnt
|faint|p1a: Surricane Bouxii
|-hitcount|p1: Surricane Bouxii|3
|
|-weather|RainDance|[upkeep]
|upkeep
|
|t:|1664115596
|switch|p1a: Makeau|Barraskewda, M, shiny|100/100
|turn|5
|
|t:|1664115613
|switch|p2a: Slowbro|Slowbro, F|100/100
|move|p1a: Makeau|Flip Turn|p2a: Slowbro
|-resisted|p2a: Slowbro
|-damage|p2a: Slowbro|79/100
|-damage|p1a: Makeau|84/100|[from] item: Rocky Helmet|[of] p2a: Slowbro
|
|t:|1664115619
|switch|p1a: Bossvette|Crawdaunt, M|91/100|[from]move: Flip Turn
|
|-weather|RainDance|[upkeep]
|upkeep
|turn|6
|
|t:|1664115640
|switch|p2a: Landorus|Landorus-Therian, M|100/100
|-ability|p2a: Landorus|Intimidate|boost
|-unboost|p1a: Bossvette|atk|1
|move|p1a: Bossvette|Knock Off|p2a: Landorus
|-damage|p2a: Landorus|55/100
|-enditem|p2a: Landorus|Leftovers|[from] move: Knock Off|[of] p1a: Bossvette
|-damage|p1a: Bossvette|81/100|[from] item: Life Orb
|
|-weather|RainDance|[upkeep]
|upkeep
|turn|7
|
|t:|1664115659
|move|p1a: Bossvette|Aqua Jet|p2a: Landorus
|-supereffective|p2a: Landorus
|-damage|p2a: Landorus|2/100
|-damage|p1a: Bossvette|71/100|[from] item: Life Orb
|move|p2a: Landorus|U-turn|p1a: Bossvette
|-supereffective|p1a: Bossvette
|-damage|p1a: Bossvette|11/100
|inactive|taki1223 has 270 seconds left.
|
|t:|1664115676
|switch|p2a: Urshifu|Urshifu-Rapid-Strike, M|54/100|[from]move: U-turn
|
|-weather|RainDance|[upkeep]
|upkeep
|turn|8
|
|t:|1664115683
|switch|p1a: Tyrarensis|Pelipper, M, shiny|84/100
|move|p2a: Urshifu|Close Combat|p1a: Tyrarensis
|-resisted|p1a: Tyrarensis
|-crit|p1a: Tyrarensis
|-damage|p1a: Tyrarensis|33/100
|-unboost|p2a: Urshifu|def|1
|-unboost|p2a: Urshifu|spd|1
|
|-weather|none
|upkeep
|turn|9
|inactive|Navys_1 has 240 seconds left.
|
|t:|1664115720
|switch|p1a: Bossvette|Crawdaunt, M|11/100
|move|p2a: Urshifu|Thunder Punch|p1a: Bossvette
|-supereffective|p1a: Bossvette
|-crit|p1a: Bossvette
|-damage|p1a: Bossvette|0 fnt
|faint|p1a: Bossvette
|
|upkeep
|inactive|Navys_1 has 210 seconds left.
|
|t:|1664115735
|switch|p1a: Makeau|Barraskewda, M, shiny|84/100
|turn|10
|inactive|Navys_1 has 210 seconds left.
|
|t:|1664115751
|move|p1a: Makeau|Close Combat|p2a: Urshifu
|-damage|p2a: Urshifu|0 fnt
|-unboost|p1a: Makeau|def|1
|-unboost|p1a: Makeau|spd|1
|faint|p2a: Urshifu
|
|upkeep
|
|t:|1664115753
|switch|p2a: Rillaboom|Rillaboom, F|100/100
|-fieldstart|move: Grassy Terrain|[from] ability: Grassy Surge|[of] p2a: Rillaboom
|turn|11
|inactive|Navys_1 has 210 seconds left.
|
|t:|1664115770
|switch|p1a: Oursindtére|Ferrothorn, M|100/100
|move|p2a: Rillaboom|Swords Dance|p2a: Rillaboom
|-boost|p2a: Rillaboom|atk|2
|
|upkeep
|turn|12
|
|t:|1664115775
|move|p2a: Rillaboom|Superpower|p1a: Oursindtére
|-supereffective|p1a: Oursindtére
|-damage|p1a: Oursindtére|0 fnt
|-unboost|p2a: Rillaboom|atk|1
|-unboost|p2a: Rillaboom|def|1
|-damage|p2a: Rillaboom|88/100|[from] ability: Iron Barbs|[of] p1a: Oursindtére
|-damage|p2a: Rillaboom|72/100|[from] item: Rocky Helmet|[of] p1a: Oursindtére
|faint|p1a: Oursindtére
|-damage|p2a: Rillaboom|62/100|[from] item: Life Orb
|
|-heal|p2a: Rillaboom|68/100|[from] Grassy Terrain
|upkeep
|inactive|Navys_1 has 210 seconds left.
|
|t:|1664115786
|switch|p1a: Tyrarensis|Pelipper, M, shiny|33/100
|-weather|RainDance|[from] ability: Drizzle|[of] p1a: Tyrarensis
|turn|13
|c|☆taki1223|gg
|
|t:|1664115789
|move|p2a: Rillaboom|Grassy Glide|p1a: Tyrarensis
|-damage|p1a: Tyrarensis|0 fnt
|faint|p1a: Tyrarensis
|-damage|p2a: Rillaboom|58/100|[from] item: Life Orb
|
|-weather|RainDance|[upkeep]
|-heal|p2a: Rillaboom|64/100|[from] Grassy Terrain
|upkeep
|
|t:|1664115793
|switch|p1a: Makeau|Barraskewda, M, shiny|84/100
|turn|14
|
|t:|1664115797
|move|p1a: Makeau|Aqua Jet|p2a: Rillaboom
|-resisted|p2a: Rillaboom
|-damage|p2a: Rillaboom|25/100
|move|p2a: Rillaboom|Grassy Glide|p1a: Makeau
|-supereffective|p1a: Makeau
|-damage|p1a: Makeau|0 fnt
|faint|p1a: Makeau
|-damage|p2a: Rillaboom|15/100|[from] item: Life Orb
|
|-weather|RainDance|[upkeep]
|-heal|p2a: Rillaboom|21/100|[from] Grassy Terrain
|upkeep
|
|t:|1664115802
|switch|p1a: Teaureau|Seismitoad, F, shiny|100/100
|turn|15
|
|t:|1664115811
|move|p2a: Rillaboom|Grassy Glide|p1a: Teaureau
|-supereffective|p1a: Teaureau
|-damage|p1a: Teaureau|0 fnt
|faint|p1a: Teaureau
|-damage|p2a: Rillaboom|11/100|[from] item: Life Orb
|
|win|taki1223
