|inactive|Battle timer is ON: inactive players will automatically lose when time's up.
|t:|1667050704
|gametype|singles
|player|p1|NeoNaruto®++|burglar-gen1rb|
|player|p2|astralydia|caitlin|
|teamsize|p1|6
|teamsize|p2|6
|gen|8
|tier|[Gen 8] OU
|rule|Sleep Clause Mod: Limit one foe put to sleep
|rule|Species Clause: Limit one of each Pokémon
|rule|OHKO Clause: OHKO moves are banned
|rule|Evasion Items Clause: Evasion items are banned
|rule|Evasion Moves Clause: Evasion moves are banned
|rule|Endless Battle Clause: Forcing endless battles is banned
|rule|HP Percentage Mod: HP is shown in percentages
|rule|Dynamax Clause: You cannot dynamax
|clearpoke
|poke|p1|Landorus-Therian, M|
|poke|p1|Ferrothorn, F|
|poke|p1|Tapu Koko|
|poke|p1|Dragonite, M|
|poke|p1|Darmanitan, F|
|poke|p1|Tyranitar, F|
|poke|p2|Tapu Lele|
|poke|p2|Zapdos|
|poke|p2|Melmetal|
|poke|p2|Landorus-Therian, M|
|poke|p2|Urshifu-*, M|
|poke|p2|Dragapult, M|
|teampreview
|inactive|NeoNaruto®++ also wants the timer to be on.
|
|t:|1667050713
|start
|switch|p1a: VODECi|Tapu Koko|100/100
|switch|p2a: Tapu Lele|Tapu Lele|100/100
|-fieldstart|move: Psychic Terrain|[from] ability: Psychic Surge|[of] p2a: Tapu Lele
|-fieldstart|move: Electric Terrain|[from] ability: Electric Surge|[of] p1a: VODECi
|turn|1
|
|t:|1667050722
|move|p2a: Tapu Lele|Future Sight|p1a: VODECi
|-start|p2a: Tapu Lele|move: Future Sight
|move|p1a: VODECi|Volt Switch|p2a: Tapu Lele
|-damage|p2a: Tapu Lele|37/100
|
|t:|1667050728
|switch|p1a: RX PAPi|Ferrothorn, F|100/100|[from]move: Volt Switch
|
|upkeep
|turn|2
|
|t:|1667050732
|switch|p2a: Urshifu|Urshifu-Rapid-Strike, M|100/100
|move|p1a: RX PAPi|Leech Seed|p2a: Urshifu
|-start|p2a: Urshifu|move: Leech Seed
|
|-damage|p2a: Urshifu|88/100|[from] Leech Seed|[of] p1a: RX PAPi
|upkeep
|turn|3
|
|t:|1667050736
|switch|p1a: Bernie Landers|Landorus-Therian, M|100/100
|-ability|p1a: Bernie Landers|Intimidate|boost
|-unboost|p2a: Urshifu|atk|1
|move|p2a: Urshifu|Close Combat|p1a: Bernie Landers
|-resisted|p1a: Bernie Landers
|-damage|p1a: Bernie Landers|79/100
|-unboost|p2a: Urshifu|def|1
|-unboost|p2a: Urshifu|spd|1
|-damage|p2a: Urshifu|72/100|[from] item: Rocky Helmet|[of] p1a: Bernie Landers
|
|-end|p1a: Bernie Landers|move: Future Sight
|-damage|p1a: Bernie Landers|11/100
|-damage|p2a: Urshifu|59/100|[from] Leech Seed|[of] p1a: Bernie Landers
|-heal|p1a: Bernie Landers|22/100|[silent]
|upkeep
|turn|4
|
|t:|1667050762
|switch|p1a: Fat Charizard|Dragonite, M, shiny|100/100
|move|p2a: Urshifu|Close Combat|p1a: Fat Charizard
|-resisted|p1a: Fat Charizard
|-damage|p1a: Fat Charizard|85/100
|-unboost|p2a: Urshifu|def|1
|-unboost|p2a: Urshifu|spd|1
|
|-damage|p2a: Urshifu|47/100|[from] Leech Seed|[of] p1a: Fat Charizard
|-heal|p1a: Fat Charizard|98/100|[silent]
|upkeep
|turn|5
|
|t:|1667050771
|switch|p2a: Tapu Lele|Tapu Lele|37/100
|-fieldstart|move: Psychic Terrain|[from] ability: Psychic Surge|[of] p2a: Tapu Lele
|switch|p1a: DA LAST REX(3005)|Tyranitar, F|100/100
|-weather|Sandstorm|[from] ability: Sand Stream|[of] p1a: DA LAST REX(3005)
|
|-weather|Sandstorm|[upkeep]
|-damage|p2a: Tapu Lele|31/100|[from] Sandstorm
|upkeep
|turn|6
|
|t:|1667050778
|switch|p2a: Urshifu|Urshifu-Rapid-Strike, M|47/100
|move|p1a: DA LAST REX(3005)|Earthquake|p2a: Urshifu
|-damage|p2a: Urshifu|20/100
|
|-weather|Sandstorm|[upkeep]
|-damage|p2a: Urshifu|13/100|[from] Sandstorm
|upkeep
|turn|7
|
|t:|1667050782
|switch|p1a: Bernie Landers|Landorus-Therian, M|22/100
|-ability|p1a: Bernie Landers|Intimidate|boost
|-unboost|p2a: Urshifu|atk|1
|move|p2a: Urshifu|Close Combat|p1a: Bernie Landers
|-resisted|p1a: Bernie Landers
|-damage|p1a: Bernie Landers|0 fnt
|-unboost|p2a: Urshifu|def|1
|-unboost|p2a: Urshifu|spd|1
|-damage|p2a: Urshifu|0 fnt|[from] item: Rocky Helmet|[of] p1a: Bernie Landers
|faint|p1a: Bernie Landers
|faint|p2a: Urshifu
|
|-weather|Sandstorm|[upkeep]
|upkeep
|
|t:|1667050791
|switch|p2a: Dragapult|Dragapult, M|100/100
|switch|p1a: PURRP FOR SALE|Darmanitan, F|100/100
|turn|8
|
|t:|1667050799
|switch|p1a: RX PAPi|Ferrothorn, F|100/100
|move|p2a: Dragapult|Draco Meteor|p1a: RX PAPi
|-resisted|p1a: RX PAPi
|-damage|p1a: RX PAPi|62/100
|-unboost|p2a: Dragapult|spa|2
|
|-weather|Sandstorm|[upkeep]
|-damage|p2a: Dragapult|95/100|[from] Sandstorm
|upkeep
|turn|9
|
|t:|1667050805
|switch|p2a: Zapdos|Zapdos|100/100
|move|p1a: RX PAPi|Leech Seed|p2a: Zapdos
|-start|p2a: Zapdos|move: Leech Seed
|
|-weather|none
|-damage|p2a: Zapdos|88/100|[from] Leech Seed|[of] p1a: RX PAPi
|-heal|p1a: RX PAPi|74/100|[silent]
|-fieldend|move: Psychic Terrain
|upkeep
|turn|10
|
|t:|1667050808
|move|p1a: RX PAPi|Protect|p1a: RX PAPi
|-singleturn|p1a: RX PAPi|Protect
|move|p2a: Zapdos|Volt Switch|p1a: RX PAPi
|-activate|p1a: RX PAPi|move: Protect
|
|-damage|p2a: Zapdos|76/100|[from] Leech Seed|[of] p1a: RX PAPi
|-heal|p1a: RX PAPi|85/100|[silent]
|upkeep
|turn|11
|
|t:|1667050812
|switch|p1a: DA LAST REX(3005)|Tyranitar, F|100/100
|-weather|Sandstorm|[from] ability: Sand Stream|[of] p1a: DA LAST REX(3005)
|move|p2a: Zapdos|Volt Switch|p1a: DA LAST REX(3005)
|-damage|p1a: DA LAST REX(3005)|85/100
|
|t:|1667050819
|switch|p2a: Landorus|Landorus-Therian, M|100/100|[from]move: Volt Switch
|-ability|p2a: Landorus|Intimidate|boost
|-unboost|p1a: DA LAST REX(3005)|atk|1
|
|-weather|Sandstorm|[upkeep]
|upkeep
|turn|12
|
|t:|1667050825
|switch|p1a: RX PAPi|Ferrothorn, F|85/100
|move|p2a: Landorus|U-turn|p1a: RX PAPi
|-damage|p1a: RX PAPi|71/100
|-damage|p2a: Landorus|88/100|[from] ability: Iron Barbs|[of] p1a: RX PAPi
|-damage|p2a: Landorus|72/100|[from] item: Rocky Helmet|[of] p1a: RX PAPi
|
|t:|1667050836
|switch|p2a: Dragapult|Dragapult, M|95/100|[from]move: U-turn
|
|-weather|Sandstorm|[upkeep]
|-damage|p2a: Dragapult|89/100|[from] Sandstorm
|upkeep
|turn|13
|
|t:|1667050844
|move|p1a: RX PAPi|Protect|p1a: RX PAPi
|-singleturn|p1a: RX PAPi|Protect
|move|p2a: Dragapult|Flamethrower|p1a: RX PAPi
|-activate|p1a: RX PAPi|move: Protect
|
|-weather|Sandstorm|[upkeep]
|-damage|p2a: Dragapult|83/100|[from] Sandstorm
|upkeep
|turn|14
|
|t:|1667050848
|switch|p2a: Landorus|Landorus-Therian, M|72/100
|-ability|p2a: Landorus|Intimidate|boost
|-unboost|p1a: RX PAPi|atk|1
|switch|p1a: DA LAST REX(3005)|Tyranitar, F|85/100
|
|-weather|Sandstorm|[upkeep]
|upkeep
|turn|15
|
|t:|1667050850
|switch|p1a: RX PAPi|Ferrothorn, F|71/100
|move|p2a: Landorus|Earthquake|p1a: RX PAPi
|-damage|p1a: RX PAPi|43/100
|
|-weather|none
|upkeep
|turn|16
|
|t:|1667050855
|move|p2a: Landorus|Earthquake|p1a: RX PAPi
|-damage|p1a: RX PAPi|15/100
|move|p1a: RX PAPi|Leech Seed|p2a: Landorus
|-start|p2a: Landorus|move: Leech Seed
|
|-damage|p2a: Landorus|59/100|[from] Leech Seed|[of] p1a: RX PAPi
|-heal|p1a: RX PAPi|28/100|[silent]
|upkeep
|turn|17
|
|t:|1667050859
|switch|p2a: Zapdos|Zapdos|76/100
|switch|p1a: Fat Charizard|Dragonite, M, shiny|98/100
|
|upkeep
|turn|18
|
|t:|1667050865
|switch|p1a: DA LAST REX(3005)|Tyranitar, F|85/100
|-weather|Sandstorm|[from] ability: Sand Stream|[of] p1a: DA LAST REX(3005)
|move|p2a: Zapdos|Thunderbolt|p1a: DA LAST REX(3005)
|-damage|p1a: DA LAST REX(3005)|66/100
|
|-weather|Sandstorm|[upkeep]
|-damage|p2a: Zapdos|69/100|[from] Sandstorm
|upkeep
|turn|19
|
|t:|1667050870
|switch|p2a: Landorus|Landorus-Therian, M|59/100
|-ability|p2a: Landorus|Intimidate|boost
|-unboost|p1a: DA LAST REX(3005)|atk|1
|move|p1a: DA LAST REX(3005)|Stone Edge|p2a: Landorus|[miss]
|-miss|p1a: DA LAST REX(3005)|p2a: Landorus
|
|-weather|Sandstorm|[upkeep]
|upkeep
|turn|20
|
|t:|1667050875
|switch|p1a: Fat Charizard|Dragonite, M, shiny|98/100
|move|p2a: Landorus|Earthquake|p1a: Fat Charizard
|-immune|p1a: Fat Charizard
|
|-weather|Sandstorm|[upkeep]
|-damage|p1a: Fat Charizard|92/100|[from] Sandstorm
|upkeep
|turn|21
|
|t:|1667050881
|switch|p1a: PURRP FOR SALE|Darmanitan, F|100/100
|switch|p2a: Melmetal|Melmetal|100/100
|
|-weather|Sandstorm|[upkeep]
|-damage|p1a: PURRP FOR SALE|95/100|[from] Sandstorm
|upkeep
|turn|22
|inactive|astralydia has 270 seconds left.
|
|t:|1667050938
|switch|p2a: Landorus|Landorus-Therian, M|59/100
|-ability|p2a: Landorus|Intimidate|boost
|-unboost|p1a: PURRP FOR SALE|atk|1
|move|p1a: PURRP FOR SALE|Flare Blitz|p2a: Landorus
|-damage|p2a: Landorus|0 fnt
|faint|p2a: Landorus
|-damage|p1a: PURRP FOR SALE|73/100|[from] Recoil
|
|-weather|none
|upkeep
|inactive|astralydia has 240 seconds left.
|
|t:|1667050957
|switch|p2a: Dragapult|Dragapult, M|83/100
|turn|23
|
|t:|1667050961
|switch|p1a: RX PAPi|Ferrothorn, F|28/100
|move|p2a: Dragapult|Draco Meteor|p1a: RX PAPi|[miss]
|-miss|p2a: Dragapult|p1a: RX PAPi
|
|upkeep
|turn|24
|
|t:|1667050964
|switch|p1a: VODECi|Tapu Koko|100/100
|-fieldstart|move: Electric Terrain|[from] ability: Electric Surge|[of] p1a: VODECi
|move|p2a: Dragapult|Draco Meteor|p1a: VODECi
|-immune|p1a: VODECi
|
|upkeep
|turn|25
|
|t:|1667050966
|switch|p2a: Melmetal|Melmetal|100/100
|move|p1a: VODECi|Volt Switch|p2a: Melmetal
|-damage|p2a: Melmetal|63/100
|
|t:|1667050969
|switch|p1a: PURRP FOR SALE|Darmanitan, F|73/100|[from]move: Volt Switch
|
|upkeep
|turn|26
|
|t:|1667050975
|switch|p2a: Zapdos|Zapdos|69/100
|move|p1a: PURRP FOR SALE|Flare Blitz|p2a: Zapdos
|-damage|p2a: Zapdos|0 fnt
|faint|p2a: Zapdos
|-damage|p1a: PURRP FOR SALE|53/100|[from] Recoil
|
|upkeep
|
|t:|1667050977
|switch|p2a: Dragapult|Dragapult, M|83/100
|turn|27
|
|t:|1667050981
|switch|p1a: RX PAPi|Ferrothorn, F|28/100
|move|p2a: Dragapult|Shadow Ball|p1a: RX PAPi
|-damage|p1a: RX PAPi|0 fnt
|faint|p1a: RX PAPi
|
|upkeep
|
|t:|1667050983
|switch|p1a: DA LAST REX(3005)|Tyranitar, F|66/100
|-weather|Sandstorm|[from] ability: Sand Stream|[of] p1a: DA LAST REX(3005)
|turn|28
|
|t:|1667050988
|switch|p2a: Melmetal|Melmetal|63/100
|move|p1a: DA LAST REX(3005)|Earthquake|p2a: Melmetal
|-supereffective|p2a: Melmetal
|-damage|p2a: Melmetal|24/100
|
|-weather|Sandstorm|[upkeep]
|-fieldend|move: Electric Terrain
|upkeep
|turn|29
|
|t:|1667051009
|switch|p1a: Fat Charizard|Dragonite, M, shiny|92/100
|move|p2a: Melmetal|Double Iron Bash|p1a: Fat Charizard
|-damage|p1a: Fat Charizard|40/100
|-damage|p1a: Fat Charizard|0 fnt
|faint|p1a: Fat Charizard
|-hitcount|p1: Fat Charizard|2
|
|-weather|Sandstorm|[upkeep]
|upkeep
|
|t:|1667051014
|switch|p1a: PURRP FOR SALE|Darmanitan, F|53/100
|turn|30
|
|t:|1667051019
|move|p1a: PURRP FOR SALE|Flare Blitz|p2a: Melmetal
|-supereffective|p2a: Melmetal
|-damage|p2a: Melmetal|0 fnt
|faint|p2a: Melmetal
|-damage|p1a: PURRP FOR SALE|44/100|[from] Recoil
|
|-weather|Sandstorm|[upkeep]
|-damage|p1a: PURRP FOR SALE|38/100|[from] Sandstorm
|upkeep
|
|t:|1667051022
|switch|p2a: Dragapult|Dragapult, M|83/100
|turn|31
|
|t:|1667051034
|move|p2a: Dragapult|U-turn|p1a: PURRP FOR SALE
|-resisted|p1a: PURRP FOR SALE
|-damage|p1a: PURRP FOR SALE|24/100
|
|t:|1667051036
|switch|p2a: Tapu Lele|Tapu Lele|31/100|[from]move: U-turn
|-fieldstart|move: Psychic Terrain|[from] ability: Psychic Surge|[of] p2a: Tapu Lele
|move|p1a: PURRP FOR SALE|Flare Blitz|p2a: Tapu Lele
|-damage|p2a: Tapu Lele|0 fnt
|faint|p2a: Tapu Lele
|-damage|p1a: PURRP FOR SALE|16/100|[from] Recoil
|
|-weather|Sandstorm|[upkeep]
|-damage|p1a: PURRP FOR SALE|10/100|[from] Sandstorm
|upkeep
|
|t:|1667051041
|switch|p2a: Dragapult|Dragapult, M|83/100
|turn|32
|
|t:|1667051044
|move|p2a: Dragapult|Shadow Ball|p1a: PURRP FOR SALE
|-damage|p1a: PURRP FOR SALE|0 fnt
|faint|p1a: PURRP FOR SALE
|
|-weather|none
|upkeep
|
|t:|1667051045
|switch|p1a: DA LAST REX(3005)|Tyranitar, F|66/100
|-weather|Sandstorm|[from] ability: Sand Stream|[of] p1a: DA LAST REX(3005)
|turn|33
|c|☆astralydia|gg
|
|t:|1667051048
|move|p2a: Dragapult|Shadow Ball|p1a: DA LAST REX(3005)
|-resisted|p1a: DA LAST REX(3005)
|-damage|p1a: DA LAST REX(3005)|58/100
|move|p1a: DA LAST REX(3005)|Heavy Slam|p2a: Dragapult
|-damage|p2a: Dragapult|39/100
|
|-weather|Sandstorm|[upkeep]
|-damage|p2a: Dragapult|33/100|[from] Sandstorm
|upkeep
|turn|34
|c|☆NeoNaruto®++|gg
|
|t:|1667051051
|move|p2a: Dragapult|Shadow Ball|p1a: DA LAST REX(3005)
|-resisted|p1a: DA LAST REX(3005)
|-damage|p1a: DA LAST REX(3005)|50/100
|-unboost|p1a: DA LAST REX(3005)|spd|1
|move|p1a: DA LAST REX(3005)|Earthquake|p2a: Dragapult
|-damage|p2a: Dragapult|0 fnt
|faint|p2a: Dragapult
|
|win|NeoNaruto®++
