|inactive|Battle timer is ON: inactive players will automatically lose when time's up.
|t:|1621697458
|gametype|singles
|player|p1|Valentine|acetrainerf|
|player|p2|In Memoriam MSC|kimonogirl|
|teamsize|p1|6
|teamsize|p2|6
|gen|8
|tier|[Gen 8] OU
|rule|Sleep Clause Mod: Limit one foe put to sleep
|rule|Species Clause: Limit one of each Pokémon
|rule|OHKO Clause: OHKO moves are banned
|rule|Evasion Moves Clause: Evasion moves are banned
|rule|Endless Battle Clause: Forcing endless battles is banned
|rule|HP Percentage Mod: HP is shown in percentages
|rule|Dynamax Clause: You cannot dynamax
|clearpoke
|poke|p1|Aegislash, F|
|poke|p1|Mew|
|poke|p1|Tapu Fini|
|poke|p1|Jirachi|
|poke|p1|Landorus-Therian, M|
|poke|p1|Incineroar, M|
|poke|p2|Dragapult, F|
|poke|p2|Tyranitar, F|
|poke|p2|Clefable, F|
|poke|p2|Corviknight, F|
|poke|p2|Seismitoad, M|
|poke|p2|Zapdos|
|teampreview
|c|☆In Memoriam MSC|hf
|c|+starry|GL both.
|raw|<div class="broadcast-red"><strong>Moderated chat was set to ☆!</strong><br />Only users of rank ☆ and higher can talk.</div>
|c|☆Valentine|hf
|inactive|Valentine has 270 seconds left.
|inactive|In Memoriam MSC has 270 seconds left.
|inactive|Valentine has 240 seconds left.
|inactive|In Memoriam MSC has 240 seconds left.
|inactive|Valentine has 210 seconds left.
|inactive|In Memoriam MSC has 210 seconds left.
|inactive|In Memoriam MSC has 180 seconds left.
|inactive|In Memoriam MSC has 150 seconds left.
|
|t:|1621697615
|start
|switch|p1a: Tapu Fini|Tapu Fini|100/100
|switch|p2a: In Memoriam MSC|Dragapult, F|100/100
|-fieldstart|move: Misty Terrain|[from] ability: Misty Surge|[of] p1a: Tapu Fini
|turn|1
|inactive|In Memoriam MSC has 210 seconds left.
|
|t:|1621697624
|switch|p2a: Mumbai Inteleons|Seismitoad, M|100/100
|move|p1a: Tapu Fini|Nature's Madness|p2a: Mumbai Inteleons|[miss]
|-miss|p1a: Tapu Fini|p2a: Mumbai Inteleons
|
|upkeep
|turn|2
|inactive|In Memoriam MSC has 210 seconds left.
|
|t:|1621697639
|move|p1a: Tapu Fini|Taunt|p2a: Mumbai Inteleons
|-start|p2a: Mumbai Inteleons|move: Taunt
|move|p2a: Mumbai Inteleons|Power Whip|p1a: Tapu Fini
|-supereffective|p1a: Tapu Fini
|-damage|p1a: Tapu Fini|42/100
|
|-heal|p1a: Tapu Fini|48/100|[from] item: Leftovers
|upkeep
|turn|3
|inactive|In Memoriam MSC has 210 seconds left.
|inactive|Valentine has 270 seconds left.
|
|t:|1621697694
|switch|p1a: Landorus|Landorus-Therian, M|100/100
|-ability|p1a: Landorus|Intimidate|boost
|-unboost|p2a: Mumbai Inteleons|atk|1
|move|p2a: Mumbai Inteleons|Power Whip|p1a: Landorus|[miss]
|-miss|p2a: Mumbai Inteleons|p1a: Landorus
|
|upkeep
|turn|4
|
|t:|1621697700
|switch|p2a: Liam Nissan|Corviknight, F|100/100
|-ability|p2a: Liam Nissan|Pressure
|move|p1a: Landorus|U-turn|p2a: Liam Nissan
|-resisted|p2a: Liam Nissan
|-damage|p2a: Liam Nissan|97/100
|inactive|Valentine has 240 seconds left.
|
|t:|1621697717
|switch|p1a: Tapu Fini|Tapu Fini|48/100|[from]move: U-turn
|
|-heal|p1a: Tapu Fini|54/100|[from] item: Leftovers
|-heal|p2a: Liam Nissan|100/100|[from] item: Leftovers
|upkeep
|turn|5
|
|t:|1621697746
|move|p1a: Tapu Fini|Nature's Madness|p2a: Liam Nissan
|-damage|p2a: Liam Nissan|50/100
|move|p2a: Liam Nissan|U-turn|p1a: Tapu Fini
|-resisted|p1a: Tapu Fini
|-damage|p1a: Tapu Fini|48/100
|
|t:|1621697754
|switch|p2a: Zapdos|Zapdos|100/100|[from]move: U-turn
|
|-heal|p1a: Tapu Fini|54/100|[from] item: Leftovers
|-fieldend|Misty Terrain
|upkeep
|turn|6
|
|t:|1621697763
|switch|p1a: Landorus|Landorus-Therian, M|100/100
|-ability|p1a: Landorus|Intimidate|boost
|-unboost|p2a: Zapdos|atk|1
|move|p2a: Zapdos|Toxic|p1a: Landorus
|-status|p1a: Landorus|tox
|
|-damage|p1a: Landorus|94/100 tox|[from] psn
|upkeep
|turn|7
|inactive|In Memoriam MSC has 180 seconds left.
|
|t:|1621697795
|switch|p2a: In Memoriam MSC|Dragapult, F|100/100
|move|p1a: Landorus|U-turn|p2a: In Memoriam MSC
|-resisted|p2a: In Memoriam MSC
|-damage|p2a: In Memoriam MSC|87/100
|inactive|Valentine has 270 seconds left.
|
|t:|1621697815
|switch|p1a: Tapu Fini|Tapu Fini|54/100|[from]move: U-turn
|-fieldstart|move: Misty Terrain|[from] ability: Misty Surge|[of] p1a: Tapu Fini
|
|-heal|p1a: Tapu Fini|60/100|[from] item: Leftovers
|upkeep
|turn|8
|inactive|In Memoriam MSC has 180 seconds left.
|inactive|Valentine has 240 seconds left.
|inactive|In Memoriam MSC has 150 seconds left.
|inactive|In Memoriam MSC has 120 seconds left.
|
|t:|1621697887
|move|p2a: In Memoriam MSC|U-turn|p1a: Tapu Fini
|-resisted|p1a: Tapu Fini
|-damage|p1a: Tapu Fini|54/100
|inactive|In Memoriam MSC has 120 seconds left.
|
|t:|1621697900
|switch|p2a: MSCTotMin|Clefable, F|100/100|[from]move: U-turn
|move|p1a: Tapu Fini|Moonblast|p2a: MSCTotMin
|-damage|p2a: MSCTotMin|75/100
|-unboost|p2a: MSCTotMin|spa|1
|
|-heal|p1a: Tapu Fini|60/100|[from] item: Leftovers
|upkeep
|turn|9
|inactive|In Memoriam MSC has 120 seconds left.
|inactive|Valentine has 210 seconds left.
|
|t:|1621697939
|switch|p1a: Aegislash|Aegislash, F|100/100
|switch|p2a: Zapdos|Zapdos|100/100
|
|upkeep
|turn|10
|inactive|In Memoriam MSC has 120 seconds left.
|c|☆In Memoriam MSC|yo what why's this not nicknamed
|
|t:|1621697965
|switch|p1a: Landorus|Landorus-Therian, M|94/100 tox
|-ability|p1a: Landorus|Intimidate|boost
|-unboost|p2a: Zapdos|atk|1
|move|p2a: Zapdos|Volt Switch|p1a: Landorus
|-immune|p1a: Landorus
|
|-heal|p1a: Landorus|100/100 tox|[from] item: Leftovers
|-damage|p1a: Landorus|94/100 tox|[from] psn
|upkeep
|turn|11
|c|☆Valentine|none of urs are?
|c|☆Valentine|oh
|inactive|In Memoriam MSC has 90 seconds left.
|
|t:|1621697995
|switch|p2a: MSCTotMin|Clefable, F|75/100
|move|p1a: Landorus|U-turn|p2a: MSCTotMin
|-resisted|p2a: MSCTotMin
|-damage|p2a: MSCTotMin|66/100
|c|☆Valentine|ive been kickin it w liam nissan the whole time
|
|t:|1621698003
|switch|p1a: Aegislash|Aegislash, F|100/100|[from]move: U-turn
|
|-fieldend|Misty Terrain
|upkeep
|turn|12
|inactive|Valentine has 210 seconds left.
|inactive|In Memoriam MSC has 90 seconds left.
|inactive|Valentine has 180 seconds left.
|
|t:|1621698051
|switch|p2a: FrateTotMSC|Tyranitar, F|100/100
|-weather|Sandstorm|[from] ability: Sand Stream|[of] p2a: FrateTotMSC
|move|p1a: Aegislash|Swords Dance|p1a: Aegislash
|-boost|p1a: Aegislash|atk|2
|
|-weather|Sandstorm|[upkeep]
|upkeep
|turn|13
|c|☆Valentine|dude fuck this
|c|☆Valentine|this miss early screwed me
|
|t:|1621698080
|-formechange|p1a: Aegislash|Aegislash-Blade||[from] ability: Stance Change
|move|p1a: Aegislash|Close Combat|p2a: FrateTotMSC
|-supereffective|p2a: FrateTotMSC
|-damage|p2a: FrateTotMSC|0 fnt
|-unboost|p1a: Aegislash|def|1
|-unboost|p1a: Aegislash|spd|1
|faint|p2a: FrateTotMSC
|
|-weather|Sandstorm|[upkeep]
|upkeep
|inactive|In Memoriam MSC has 60 seconds left.
|
|t:|1621698094
|switch|p2a: Zapdos|Zapdos|100/100
|turn|14
|inactive|In Memoriam MSC has 60 seconds left.
|
|t:|1621698126
|switch|p1a: Landorus|Landorus-Therian, M|94/100 tox
|-ability|p1a: Landorus|Intimidate|boost
|-unboost|p2a: Zapdos|atk|1
|move|p2a: Zapdos|Heat Wave|p1a: Landorus
|-damage|p1a: Landorus|66/100 tox
|
|-weather|Sandstorm|[upkeep]
|-damage|p2a: Zapdos|94/100|[from] Sandstorm
|-heal|p1a: Landorus|72/100 tox|[from] item: Leftovers
|-damage|p1a: Landorus|66/100 tox|[from] psn
|upkeep
|turn|15
|
|t:|1621698134
|switch|p2a: Liam Nissan|Corviknight, F|50/100
|-ability|p2a: Liam Nissan|Pressure
|move|p1a: Landorus|U-turn|p2a: Liam Nissan
|-resisted|p2a: Liam Nissan
|-damage|p2a: Liam Nissan|47/100
|inactive|Valentine has 180 seconds left.
|inactive|Valentine has 150 seconds left.
|
|t:|1621698187
|switch|p1a: Aegislash|Aegislash, F|100/100|[from]move: U-turn
|
|-weather|Sandstorm|[upkeep]
|-heal|p2a: Liam Nissan|53/100|[from] item: Leftovers
|upkeep
|turn|16
|
|t:|1621698213
|move|p1a: Aegislash|Swords Dance|p1a: Aegislash
|-boost|p1a: Aegislash|atk|2
|move|p2a: Liam Nissan|U-turn|p1a: Aegislash
|-resisted|p1a: Aegislash
|-damage|p1a: Aegislash|97/100
|inactive|In Memoriam MSC has 30 seconds left.
|
|t:|1621698227
|switch|p2a: Mumbai Inteleons|Seismitoad, M|100/100|[from]move: U-turn
|
|-weather|none
|upkeep
|turn|17
|
|t:|1621698237
|-formechange|p1a: Aegislash|Aegislash-Blade||[from] ability: Stance Change
|move|p1a: Aegislash|Close Combat|p2a: Mumbai Inteleons
|-damage|p2a: Mumbai Inteleons|15/100
|-unboost|p1a: Aegislash|def|1
|-unboost|p1a: Aegislash|spd|1
|move|p2a: Mumbai Inteleons|Earthquake|p1a: Aegislash
|-supereffective|p1a: Aegislash
|-damage|p1a: Aegislash|0 fnt
|faint|p1a: Aegislash
|
|upkeep
|inactive|Valentine has 150 seconds left.
|
|t:|1621698282
|switch|p1a: Landorus|Landorus-Therian, M|66/100 tox
|-ability|p1a: Landorus|Intimidate|boost
|-unboost|p2a: Mumbai Inteleons|atk|1
|turn|18
|
|t:|1621698287
|switch|p2a: Liam Nissan|Corviknight, F|53/100
|-ability|p2a: Liam Nissan|Pressure
|move|p1a: Landorus|U-turn|p2a: Liam Nissan
|-resisted|p2a: Liam Nissan
|-damage|p2a: Liam Nissan|50/100
|
|t:|1621698290
|switch|p1a: Tapu Fini|Tapu Fini|60/100|[from]move: U-turn
|-fieldstart|move: Misty Terrain|[from] ability: Misty Surge|[of] p1a: Tapu Fini
|
|-heal|p1a: Tapu Fini|66/100|[from] item: Leftovers
|-heal|p2a: Liam Nissan|56/100|[from] item: Leftovers
|upkeep
|turn|19
|inactive|In Memoriam MSC has 60 seconds left.
|
|t:|1621698295
|move|p1a: Tapu Fini|Taunt|p2a: Liam Nissan
|-start|p2a: Liam Nissan|move: Taunt
|cant|p2a: Liam Nissan|move: Taunt|Roost
|
|-heal|p1a: Tapu Fini|73/100|[from] item: Leftovers
|-heal|p2a: Liam Nissan|62/100|[from] item: Leftovers
|upkeep
|turn|20
|
|t:|1621698299
|switch|p2a: Mumbai Inteleons|Seismitoad, M|15/100
|move|p1a: Tapu Fini|Nature's Madness|p2a: Mumbai Inteleons
|-damage|p2a: Mumbai Inteleons|8/100
|
|-heal|p1a: Tapu Fini|79/100|[from] item: Leftovers
|upkeep
|turn|21
|
|t:|1621698307
|move|p1a: Tapu Fini|Moonblast|p2a: Mumbai Inteleons
|-damage|p2a: Mumbai Inteleons|0 fnt
|faint|p2a: Mumbai Inteleons
|
|-heal|p1a: Tapu Fini|85/100|[from] item: Leftovers
|upkeep
|
|t:|1621698313
|switch|p2a: Zapdos|Zapdos|94/100
|turn|22
|
|t:|1621698323
|switch|p1a: Incineroar|Incineroar, M|100/100
|-ability|p1a: Incineroar|Intimidate|boost
|-unboost|p2a: Zapdos|atk|1
|move|p2a: Zapdos|Volt Switch|p1a: Incineroar
|-damage|p1a: Incineroar|82/100
|
|t:|1621698327
|switch|p2a: MSCTotMin|Clefable, F|66/100|[from]move: Volt Switch
|
|-fieldend|Misty Terrain
|upkeep
|turn|23
|inactive|Valentine has 180 seconds left.
|
|t:|1621698333
|move|p1a: Incineroar|Toxic|p2a: MSCTotMin
|-status|p2a: MSCTotMin|tox
|move|p2a: MSCTotMin|Trick|p1a: Incineroar
|-activate|p2a: MSCTotMin|move: Trick|[of] p1a: Incineroar
|-item|p1a: Incineroar|Sticky Barb|[from] move: Trick
|-item|p2a: MSCTotMin|Heavy-Duty Boots|[from] move: Trick
|
|-damage|p1a: Incineroar|69/100|[from] item: Sticky Barb
|upkeep
|turn|24
|
|t:|1621698339
|move|p1a: Incineroar|Parting Shot|p2a: MSCTotMin
|-unboost|p2a: MSCTotMin|atk|1
|-unboost|p2a: MSCTotMin|spa|1
|inactive|Valentine has 180 seconds left.
|
|t:|1621698372
|switch|p1a: Tapu Fini|Tapu Fini|85/100|[from]move: Parting Shot
|-fieldstart|move: Misty Terrain|[from] ability: Misty Surge|[of] p1a: Tapu Fini
|move|p2a: MSCTotMin|Stealth Rock|p1a: Tapu Fini
|-sidestart|p1: Valentine|move: Stealth Rock
|
|-heal|p1a: Tapu Fini|91/100|[from] item: Leftovers
|upkeep
|turn|25
|
|t:|1621698380
|switch|p2a: Zapdos|Zapdos|94/100
|move|p1a: Tapu Fini|Nature's Madness|p2a: Zapdos|[miss]
|-miss|p1a: Tapu Fini|p2a: Zapdos
|
|-heal|p1a: Tapu Fini|97/100|[from] item: Leftovers
|upkeep
|turn|26
|inactive|In Memoriam MSC has 120 seconds left.
|
|t:|1621698392
|move|p2a: Zapdos|Volt Switch|p1a: Tapu Fini
|-supereffective|p1a: Tapu Fini
|-damage|p1a: Tapu Fini|53/100
|
|t:|1621698395
|switch|p2a: Liam Nissan|Corviknight, F|62/100|[from]move: Volt Switch
|-ability|p2a: Liam Nissan|Pressure
|move|p1a: Tapu Fini|Nature's Madness|p2a: Liam Nissan
|-damage|p2a: Liam Nissan|31/100
|
|-heal|p1a: Tapu Fini|59/100|[from] item: Leftovers
|-heal|p2a: Liam Nissan|38/100|[from] item: Leftovers
|upkeep
|turn|27
|
|t:|1621698405
|move|p1a: Tapu Fini|Whirlpool|p2a: Liam Nissan
|-damage|p2a: Liam Nissan|27/100
|-activate|p2a: Liam Nissan|move: Whirlpool|[of] p1a: Tapu Fini
|move|p2a: Liam Nissan|U-turn|p1a: Tapu Fini
|-resisted|p1a: Tapu Fini
|-damage|p1a: Tapu Fini|54/100
|
|t:|1621698410
|switch|p2a: Zapdos|Zapdos|94/100|[from]move: U-turn
|
|-heal|p1a: Tapu Fini|60/100|[from] item: Leftovers
|upkeep
|turn|28
|inactive|Valentine has 180 seconds left.
|
|t:|1621698437
|switch|p1a: Incineroar|Incineroar, M|69/100
|-damage|p1a: Incineroar|44/100|[from] Stealth Rock
|-ability|p1a: Incineroar|Intimidate|boost
|-unboost|p2a: Zapdos|atk|1
|move|p2a: Zapdos|Heat Wave|p1a: Incineroar
|-resisted|p1a: Incineroar
|-damage|p1a: Incineroar|35/100
|
|-fieldend|Misty Terrain
|-damage|p1a: Incineroar|22/100|[from] item: Sticky Barb
|upkeep
|turn|29
|
|t:|1621698450
|move|p2a: Zapdos|Volt Switch|p1a: Incineroar
|-damage|p1a: Incineroar|0 fnt
|faint|p1a: Incineroar
|
|t:|1621698453
|switch|p2a: In Memoriam MSC|Dragapult, F|87/100|[from]move: Volt Switch
|
|upkeep
|
|t:|1621698465
|switch|p1a: Jirachi|Jirachi|100/100
|-damage|p1a: Jirachi|94/100|[from] Stealth Rock
|turn|30
|inactive|In Memoriam MSC has 150 seconds left.
|inactive|In Memoriam MSC has 120 seconds left.
|
|t:|1621698523
|switch|p2a: Liam Nissan|Corviknight, F|27/100
|-ability|p2a: Liam Nissan|Pressure
|move|p1a: Jirachi|Trick|p2a: Liam Nissan
|-activate|p1a: Jirachi|move: Trick|[of] p2a: Liam Nissan
|-item|p2a: Liam Nissan|Choice Scarf|[from] move: Trick
|-item|p1a: Jirachi|Leftovers|[from] move: Trick
|
|-heal|p1a: Jirachi|100/100|[from] item: Leftovers
|upkeep
|turn|31
|
|t:|1621698534
|move|p1a: Jirachi|Fire Punch|p2a: Liam Nissan
|-supereffective|p2a: Liam Nissan
|-damage|p2a: Liam Nissan|0 fnt
|faint|p2a: Liam Nissan
|
|upkeep
|inactive|In Memoriam MSC has 90 seconds left.
|
|t:|1621698561
|switch|p2a: Zapdos|Zapdos|94/100
|turn|32
|inactive|Valentine has 180 seconds left.
|
|t:|1621698597
|move|p1a: Jirachi|Healing Wish|p1a: Jirachi
|faint|p1a: Jirachi
|move|p2a: Zapdos|Heat Wave|p1: Jirachi|[notarget]
|-fail|p2a: Zapdos
|
|upkeep
|
|t:|1621698599
|switch|p1a: Landorus|Landorus-Therian, M|66/100 tox
|-heal|p1a: Landorus|100/100|[from] move: Healing Wish
|-damage|p1a: Landorus|88/100|[from] Stealth Rock
|-ability|p1a: Landorus|Intimidate|boost
|-unboost|p2a: Zapdos|atk|1
|turn|33
|inactive|In Memoriam MSC has 90 seconds left.
|
|t:|1621698626
|move|p2a: Zapdos|Toxic|p1a: Landorus
|-status|p1a: Landorus|tox
|move|p1a: Landorus|Defog|p2a: Zapdos
|-unboost|p2a: Zapdos|evasion|1
|-sideend|p1: Valentine|Stealth Rock|[from] move: Defog|[of] p1a: Landorus
|
|-heal|p1a: Landorus|94/100 tox|[from] item: Leftovers
|-damage|p1a: Landorus|88/100 tox|[from] psn
|upkeep
|turn|34
|
|t:|1621698635
|switch|p2a: MSCTotMin|Clefable, F|66/100 tox
|move|p1a: Landorus|U-turn|p2a: MSCTotMin
|-resisted|p2a: MSCTotMin
|-damage|p2a: MSCTotMin|56/100 tox
|
|t:|1621698638
|switch|p1a: Mew|Mew|100/100|[from]move: U-turn
|
|upkeep
|turn|35
|inactive|In Memoriam MSC has 90 seconds left.
|
|t:|1621698658
|switch|p2a: Zapdos|Zapdos|94/100
|move|p1a: Mew|Cosmic Power|p1a: Mew
|-boost|p1a: Mew|def|1
|-boost|p1a: Mew|spd|1
|
|upkeep
|turn|36
|
|t:|1621698662
|move|p1a: Mew|Taunt|p2a: Zapdos
|-start|p2a: Zapdos|move: Taunt
|cant|p2a: Zapdos|move: Taunt|Toxic
|
|upkeep
|turn|37
|
|t:|1621698663
|move|p1a: Mew|Cosmic Power|p1a: Mew
|-boost|p1a: Mew|def|1
|-boost|p1a: Mew|spd|1
|move|p2a: Zapdos|Volt Switch|p1a: Mew
|-damage|p1a: Mew|89/100
|inactive|In Memoriam MSC has 90 seconds left.
|inactive|In Memoriam MSC has 60 seconds left.
|inactive|In Memoriam MSC has 30 seconds left.
|
|t:|1621698756
|switch|p2a: MSCTotMin|Clefable, F|56/100 tox|[from]move: Volt Switch
|
|upkeep
|turn|38
|inactive|In Memoriam MSC has 30 seconds left.
|inactive|In Memoriam MSC has 20 seconds left.
|inactive|Valentine has 210 seconds left.
|inactive|In Memoriam MSC has 15 seconds left.
|
|t:|1621698781
|move|p1a: Mew|Taunt|p2a: MSCTotMin
|-start|p2a: MSCTotMin|move: Taunt
|cant|p2a: MSCTotMin|move: Taunt|Trick
|
|upkeep
|turn|39
|inactive|In Memoriam MSC has 25 seconds left this turn.
|
|t:|1621698783
|move|p1a: Mew|Cosmic Power|p1a: Mew
|-boost|p1a: Mew|def|1
|-boost|p1a: Mew|spd|1
|move|p2a: MSCTotMin|Moonblast|p1a: Mew
|-damage|p1a: Mew|78/100
|
|upkeep
|turn|40
|
|t:|1621698787
|move|p1a: Mew|Roost|p1a: Mew
|-heal|p1a: Mew|100/100
|-singleturn|p1a: Mew|move: Roost
|move|p2a: MSCTotMin|Moonblast|p1a: Mew
|-damage|p1a: Mew|89/100
|
|-end|p2a: MSCTotMin|move: Taunt
|upkeep
|turn|41
|
|t:|1621698789
|move|p1a: Mew|Taunt|p2a: MSCTotMin
|-start|p2a: MSCTotMin|move: Taunt
|move|p2a: MSCTotMin|Moonblast|p1a: Mew
|-damage|p1a: Mew|79/100
|
|upkeep
|turn|42
|
|t:|1621698791
|move|p1a: Mew|Roost|p1a: Mew
|-heal|p1a: Mew|100/100
|-singleturn|p1a: Mew|move: Roost
|move|p2a: MSCTotMin|Moonblast|p1a: Mew
|-damage|p1a: Mew|89/100
|
|upkeep
|turn|43
|
|t:|1621698795
|move|p1a: Mew|Cosmic Power|p1a: Mew
|-boost|p1a: Mew|def|1
|-boost|p1a: Mew|spd|1
|move|p2a: MSCTotMin|Moonblast|p1a: Mew
|-damage|p1a: Mew|79/100
|
|-end|p2a: MSCTotMin|move: Taunt
|upkeep
|turn|44
|
|t:|1621698809
|move|p1a: Mew|Taunt|p2a: MSCTotMin
|-start|p2a: MSCTotMin|move: Taunt
|move|p2a: MSCTotMin|Moonblast|p1a: Mew
|-damage|p1a: Mew|69/100
|-unboost|p1a: Mew|spa|1
|
|upkeep
|turn|45
|
|t:|1621698810
|move|p1a: Mew|Roost|p1a: Mew
|-heal|p1a: Mew|100/100
|-singleturn|p1a: Mew|move: Roost
|move|p2a: MSCTotMin|Moonblast|p1a: Mew
|-damage|p1a: Mew|91/100
|
|upkeep
|turn|46
|inactive|Valentine has 270 seconds left.
|
|t:|1621698840
|move|p1a: Mew|Cosmic Power|p1a: Mew
|-boost|p1a: Mew|def|1
|-boost|p1a: Mew|spd|1
|move|p2a: MSCTotMin|Moonblast|p1a: Mew
|-damage|p1a: Mew|83/100
|
|-end|p2a: MSCTotMin|move: Taunt
|upkeep
|turn|47
|
|t:|1621698843
|move|p1a: Mew|Taunt|p2a: MSCTotMin
|-start|p2a: MSCTotMin|move: Taunt
|move|p2a: MSCTotMin|Moonblast|p1a: Mew
|-damage|p1a: Mew|75/100
|
|upkeep
|turn|48
|
|t:|1621698844
|move|p1a: Mew|Roost|p1a: Mew
|-heal|p1a: Mew|100/100
|-singleturn|p1a: Mew|move: Roost
|move|p2a: MSCTotMin|Moonblast|p1a: Mew
|-damage|p1a: Mew|92/100
|-unboost|p1a: Mew|spa|1
|
|upkeep
|turn|49
|
|t:|1621698848
|move|p1a: Mew|Cosmic Power|p1a: Mew
|-boost|p1a: Mew|def|1
|-boost|p1a: Mew|spd|1
|move|p2a: MSCTotMin|Moonblast|p1a: Mew
|-damage|p1a: Mew|86/100
|
|-end|p2a: MSCTotMin|move: Taunt
|upkeep
|turn|50
|
|t:|1621698850
|move|p1a: Mew|Taunt|p2a: MSCTotMin
|-start|p2a: MSCTotMin|move: Taunt
|move|p2a: MSCTotMin|Moonblast|p1a: Mew
|-damage|p1a: Mew|79/100
|
|upkeep
|turn|51
|
|t:|1621698852
|move|p1a: Mew|Roost|p1a: Mew
|-heal|p1a: Mew|100/100
|-singleturn|p1a: Mew|move: Roost
|move|p2a: MSCTotMin|Moonblast|p1a: Mew
|-damage|p1a: Mew|94/100
|-unboost|p1a: Mew|spa|1
|
|upkeep
|turn|52
|
|t:|1621698853
|move|p1a: Mew|Stored Power|p2a: MSCTotMin
|-damage|p2a: MSCTotMin|29/100 tox
|move|p2a: MSCTotMin|Moonblast|p1a: Mew
|-damage|p1a: Mew|87/100
|
|-end|p2a: MSCTotMin|move: Taunt
|upkeep
|turn|53
|
|t:|1621698859
|move|p1a: Mew|Taunt|p2a: MSCTotMin
|-start|p2a: MSCTotMin|move: Taunt
|move|p2a: MSCTotMin|Moonblast|p1a: Mew
|-damage|p1a: Mew|81/100
|
|upkeep
|turn|54
|
|t:|1621698861
|move|p1a: Mew|Stored Power|p2a: MSCTotMin
|-damage|p2a: MSCTotMin|0 fnt
|faint|p2a: MSCTotMin
|
|upkeep
|inactive|In Memoriam MSC has 150 seconds left.
|inactive|In Memoriam MSC has 120 seconds left.
|inactive|In Memoriam MSC has 90 seconds left.
|inactive|In Memoriam MSC has 60 seconds left.
|
|t:|1621698988
|switch|p2a: In Memoriam MSC|Dragapult, F|87/100
|turn|55
|
|t:|1621698990
|move|p2a: In Memoriam MSC|Draco Meteor|p1a: Mew
|-damage|p1a: Mew|61/100
|-unboost|p2a: In Memoriam MSC|spa|2
|move|p1a: Mew|Stored Power|p2a: In Memoriam MSC
|-damage|p2a: In Memoriam MSC|41/100
|
|upkeep
|turn|56
|
|t:|1621698994
|switch|p2a: Zapdos|Zapdos|94/100
|move|p1a: Mew|Stored Power|p2a: Zapdos
|-damage|p2a: Zapdos|58/100
|
|upkeep
|turn|57
|
|t:|1621699000
|move|p1a: Mew|Taunt|p2a: Zapdos
|-start|p2a: Zapdos|move: Taunt
|move|p2a: Zapdos|Volt Switch|p1a: Mew
|-damage|p1a: Mew|55/100
|
|t:|1621699002
|switch|p2a: In Memoriam MSC|Dragapult, F|41/100|[from]move: Volt Switch
|
|upkeep
|turn|58
|
|t:|1621699015
|move|p2a: In Memoriam MSC|Shadow Ball|p1a: Mew
|-supereffective|p1a: Mew
|-damage|p1a: Mew|31/100
|-unboost|p1a: Mew|spd|1
|-enditem|p1a: Mew|Weakness Policy
|-boost|p1a: Mew|atk|2|[from] item: Weakness Policy
|-boost|p1a: Mew|spa|2|[from] item: Weakness Policy
|move|p1a: Mew|Stored Power|p2a: In Memoriam MSC
|-damage|p2a: In Memoriam MSC|0 fnt
|faint|p2a: In Memoriam MSC
|
|upkeep
|
|t:|1621699017
|switch|p2a: Zapdos|Zapdos|58/100
|turn|59
|c|☆In Memoriam MSC|gg
|
|t:|1621699026
|move|p1a: Mew|Stored Power|p2a: Zapdos
|-damage|p2a: Zapdos|0 fnt
|faint|p2a: Zapdos
|
|win|Valentine
|c|☆Valentine|gg
