|inactive|Battle timer is ON: inactive players will automatically lose when time's up.
|t:|1663446215
|gametype|singles
|player|p1|Coach Jones 6fifth|lusamine-nihilego|
|player|p2|clean cuts|hilbert|
|teamsize|p1|6
|teamsize|p2|6
|gen|8
|tier|[Gen 8] OU
|rule|Sleep Clause Mod: Limit one foe put to sleep
|rule|Species Clause: Limit one of each Pokémon
|rule|OHKO Clause: OHKO moves are banned
|rule|Evasion Items Clause: Evasion items are banned
|rule|Evasion Moves Clause: Evasion moves are banned
|rule|Endless Battle Clause: Forcing endless battles is banned
|rule|HP Percentage Mod: HP is shown in percentages
|rule|Dynamax Clause: You cannot dynamax
|clearpoke
|poke|p1|Torkoal, M|
|poke|p1|Victini|
|poke|p1|Melmetal|
|poke|p1|Dragapult, F|
|poke|p1|Landorus-Therian, M|
|poke|p1|Venusaur, F|
|poke|p2|Dragapult, F|
|poke|p2|Urshifu-*, F|
|poke|p2|Tapu Lele|
|poke|p2|Landorus-Therian, M|
|poke|p2|Zapdos|
|poke|p2|Melmetal|
|teampreview
|inactive|clean cuts also wants the timer to be on.
|inactive|Coach Jones 6fifth has 270 seconds left.
|
|t:|1663446254
|start
|switch|p1a: Landorus|Landorus-Therian, M|100/100
|switch|p2a: Landorus|Landorus-Therian, M|100/100
|-ability|p2a: Landorus|Intimidate|boost
|-unboost|p1a: Landorus|atk|1
|-ability|p1a: Landorus|Intimidate|boost
|-unboost|p2a: Landorus|atk|1
|turn|1
|c|☆Coach Jones 6fifth|hf
|c|☆clean cuts|hf
|
|t:|1663446261
|switch|p2a: Urshifu|Urshifu-Rapid-Strike, F|100/100
|move|p1a: Landorus|Knock Off|p2a: Urshifu
|-resisted|p2a: Urshifu
|-damage|p2a: Urshifu|90/100
|-enditem|p2a: Urshifu|Choice Band|[from] move: Knock Off|[of] p1a: Landorus
|
|upkeep
|turn|2
|
|t:|1663446269
|switch|p1a: Torkoal|Torkoal, M|100/100
|-weather|SunnyDay|[from] ability: Drought|[of] p1a: Torkoal
|move|p2a: Urshifu|U-turn|p1a: Torkoal
|-resisted|p1a: Torkoal
|-damage|p1a: Torkoal|93/100
|
|t:|1663446275
|switch|p2a: Dragapult|Dragapult, F|100/100|[from]move: U-turn
|
|-weather|SunnyDay|[upkeep]
|upkeep
|turn|3
|
|t:|1663446278
|switch|p1a: Landorus|Landorus-Therian, M|100/100
|-ability|p1a: Landorus|Intimidate|boost
|-unboost|p2a: Dragapult|atk|1
|move|p2a: Dragapult|Shadow Ball|p1a: Landorus
|-damage|p1a: Landorus|60/100
|
|-weather|SunnyDay|[upkeep]
|-heal|p1a: Landorus|66/100|[from] item: Leftovers
|upkeep
|turn|4
|
|t:|1663446289
|switch|p2a: Zapdos|Zapdos|100/100
|move|p1a: Landorus|Knock Off|p2a: Zapdos
|-crit|p2a: Zapdos
|-damage|p2a: Zapdos|41/100
|-status|p1a: Landorus|par|[from] ability: Static|[of] p2a: Zapdos
|-enditem|p2a: Zapdos|Heavy-Duty Boots|[from] move: Knock Off|[of] p1a: Landorus
|
|-weather|SunnyDay|[upkeep]
|-heal|p1a: Landorus|72/100 par|[from] item: Leftovers
|upkeep
|turn|5
|
|t:|1663446296
|move|p2a: Zapdos|Heat Wave|p1a: Landorus
|-damage|p1a: Landorus|38/100 par
|move|p1a: Landorus|U-turn|p2a: Zapdos
|-resisted|p2a: Zapdos
|-damage|p2a: Zapdos|27/100
|
|t:|1663446298
|switch|p1a: Venusaur|Venusaur, F|100/100|[from]move: U-turn
|
|-weather|SunnyDay|[upkeep]
|upkeep
|turn|6
|inactive|clean cuts has 270 seconds left.
|
|t:|1663446336
|move|p1a: Venusaur|Weather Ball|p2a: Zapdos
|-damage|p2a: Zapdos|0 fnt
|faint|p2a: Zapdos
|-damage|p1a: Venusaur|91/100|[from] item: Life Orb
|
|-weather|SunnyDay|[upkeep]
|upkeep
|inactive|clean cuts has 240 seconds left.
|
|t:|1663446374
|switch|p2a: Dragapult|Dragapult, F|100/100
|turn|7
|inactive|clean cuts has 240 seconds left.
|
|t:|1663446380
|switch|p1a: Landorus|Landorus-Therian, M|38/100 par
|-ability|p1a: Landorus|Intimidate|boost
|-unboost|p2a: Dragapult|atk|1
|move|p2a: Dragapult|Flamethrower|p1a: Landorus
|-damage|p1a: Landorus|0 fnt
|faint|p1a: Landorus
|
|-weather|SunnyDay|[upkeep]
|upkeep
|
|t:|1663446383
|switch|p1a: Victini|Victini|100/100
|turn|8
|c|+PikachuZappyZap|go clean nuts
|inactive|clean cuts has 240 seconds left.
|inactive|Coach Jones 6fifth has 270 seconds left.
|inactive|clean cuts has 210 seconds left.
|inactive|Coach Jones 6fifth has 240 seconds left.
|inactive|clean cuts has 180 seconds left.
|c|+MichaelderBeste2|score?
|inactive|clean cuts has 150 seconds left.
|
|t:|1663446494
|switch|p2a: Urshifu|Urshifu-Rapid-Strike, F|90/100
|move|p1a: Victini|Power-Up Punch|p2a: Urshifu
|-damage|p2a: Urshifu|77/100
|-boost|p1a: Victini|atk|1
|
|-weather|SunnyDay|[upkeep]
|upkeep
|turn|9
|c|+BluBirD|1-0 clean cuts
|c|☆clean cuts|.
|inactive|clean cuts has 150 seconds left.
|
|t:|1663446527
|switch|p2a: Landorus|Landorus-Therian, M|100/100
|-ability|p2a: Landorus|Intimidate|boost
|-unboost|p1a: Victini|atk|1
|move|p1a: Victini|V-create|p2a: Landorus
|-damage|p2a: Landorus|0 fnt
|-unboost|p1a: Victini|spe|1
|-unboost|p1a: Victini|def|1
|-unboost|p1a: Victini|spd|1
|faint|p2a: Landorus
|
|-weather|none
|upkeep
|
|t:|1663446535
|switch|p2a: Dragapult|Dragapult, F|100/100
|turn|10
|inactive|Coach Jones 6fifth has 240 seconds left.
|inactive|Coach Jones 6fifth has 210 seconds left.
|
|t:|1663446575
|switch|p1a: Melmetal|Melmetal|100/100
|move|p2a: Dragapult|Shadow Ball|p1a: Melmetal
|-damage|p1a: Melmetal|63/100
|
|upkeep
|turn|11
|inactive|Coach Jones 6fifth has 210 seconds left.
|
|t:|1663446585
|switch|p2a: Melmetal|Melmetal|100/100
|move|p1a: Melmetal|Double Iron Bash|p2a: Melmetal
|-resisted|p2a: Melmetal
|-damage|p2a: Melmetal|88/100
|-resisted|p2a: Melmetal
|-damage|p2a: Melmetal|76/100
|-hitcount|p2a: Melmetal|2
|
|-heal|p2a: Melmetal|82/100|[from] item: Leftovers
|upkeep
|turn|12
|
|t:|1663446590
|switch|p1a: Torkoal|Torkoal, M|93/100
|-weather|SunnyDay|[from] ability: Drought|[of] p1a: Torkoal
|move|p2a: Melmetal|Earthquake|p1a: Torkoal
|-supereffective|p1a: Torkoal
|-damage|p1a: Torkoal|45/100
|
|-weather|SunnyDay|[upkeep]
|-heal|p2a: Melmetal|88/100|[from] item: Leftovers
|upkeep
|turn|13
|
|t:|1663446597
|move|p2a: Melmetal|Earthquake|p1a: Torkoal
|-supereffective|p1a: Torkoal
|-damage|p1a: Torkoal|0 fnt
|faint|p1a: Torkoal
|
|-weather|SunnyDay|[upkeep]
|-heal|p2a: Melmetal|94/100|[from] item: Leftovers
|upkeep
|
|t:|1663446601
|switch|p1a: Victini|Victini|100/100
|turn|14
|inactive|clean cuts has 150 seconds left.
|inactive|clean cuts has 120 seconds left.
|inactive|clean cuts has 90 seconds left.
|
|t:|1663446706
|switch|p2a: Urshifu|Urshifu-Rapid-Strike, F|77/100
|move|p1a: Victini|V-create|p2a: Urshifu
|-resisted|p2a: Urshifu
|-damage|p2a: Urshifu|8/100
|-unboost|p1a: Victini|spe|1
|-unboost|p1a: Victini|def|1
|-unboost|p1a: Victini|spd|1
|
|-weather|SunnyDay|[upkeep]
|upkeep
|turn|15
|c|+PikachuZappyZap|gaming
|inactive|Coach Jones 6fifth has 240 seconds left.
|inactive|clean cuts has 60 seconds left.
|
|t:|1663446743
|move|p2a: Urshifu|Surging Strikes|p1a: Victini
|-supereffective|p1a: Victini
|-crit|p1a: Victini
|-damage|p1a: Victini|74/100
|-supereffective|p1a: Victini
|-crit|p1a: Victini
|-damage|p1a: Victini|45/100
|-supereffective|p1a: Victini
|-crit|p1a: Victini
|-damage|p1a: Victini|15/100
|-hitcount|p1a: Victini|3
|move|p1a: Victini|V-create|p2a: Urshifu
|-resisted|p2a: Urshifu
|-damage|p2a: Urshifu|0 fnt
|-unboost|p1a: Victini|spe|1
|-unboost|p1a: Victini|def|1
|-unboost|p1a: Victini|spd|1
|faint|p2a: Urshifu
|
|-weather|SunnyDay|[upkeep]
|upkeep
|inactive|clean cuts has 60 seconds left.
|
|t:|1663446757
|switch|p2a: Dragapult|Dragapult, F|100/100
|turn|16
|inactive|clean cuts has 60 seconds left.
|
|t:|1663446783
|move|p2a: Dragapult|Flamethrower|p1a: Victini
|-resisted|p1a: Victini
|-damage|p1a: Victini|0 fnt
|faint|p1a: Victini
|
|-weather|SunnyDay|[upkeep]
|upkeep
|
|t:|1663446787
|switch|p1a: Dragapult|Dragapult, F, shiny|100/100
|turn|17
|
|t:|1663446802
|move|p1a: Dragapult|Fire Blast|p2a: Dragapult
|-resisted|p2a: Dragapult
|-damage|p2a: Dragapult|46/100
|move|p2a: Dragapult|Flamethrower|p1a: Dragapult
|-resisted|p1a: Dragapult
|-damage|p1a: Dragapult|59/100
|
|-weather|SunnyDay|[upkeep]
|upkeep
|turn|18
|
|t:|1663446818
|switch|p2a: Tapu Lele|Tapu Lele|100/100
|-fieldstart|move: Psychic Terrain|[from] ability: Psychic Surge|[of] p2a: Tapu Lele
|move|p1a: Dragapult|Fire Blast|p2a: Tapu Lele|[miss]
|-miss|p1a: Dragapult|p2a: Tapu Lele
|
|-weather|SunnyDay|[upkeep]
|upkeep
|turn|19
|inactive|Coach Jones 6fifth has 240 seconds left.
|
|t:|1663446829
|switch|p1a: Venusaur|Venusaur, F|91/100
|move|p2a: Tapu Lele|Psychic|p1a: Venusaur
|-supereffective|p1a: Venusaur
|-damage|p1a: Venusaur|0 fnt
|faint|p1a: Venusaur
|
|-weather|none
|upkeep
|
|t:|1663446832
|switch|p1a: Melmetal|Melmetal|63/100
|turn|20
|
|t:|1663446858
|move|p2a: Tapu Lele|Psychic|p1a: Melmetal
|-resisted|p1a: Melmetal
|-crit|p1a: Melmetal
|-damage|p1a: Melmetal|28/100
|move|p1a: Melmetal|Double Iron Bash|p2a: Tapu Lele
|-supereffective|p2a: Tapu Lele
|-damage|p2a: Tapu Lele|0 fnt
|faint|p2a: Tapu Lele
|-hitcount|p2: Tapu Lele|1
|
|upkeep
|inactive|clean cuts has 30 seconds left.
|
|t:|1663446872
|switch|p2a: Dragapult|Dragapult, F|46/100
|turn|21
|
|t:|1663446875
|move|p2a: Dragapult|Shadow Ball|p1a: Melmetal
|-damage|p1a: Melmetal|0 fnt
|faint|p1a: Melmetal
|
|upkeep
|
|t:|1663446877
|switch|p1a: Dragapult|Dragapult, F, shiny|59/100
|turn|22
|
|t:|1663446878
|move|p2a: Dragapult|Shadow Ball|p1a: Dragapult
|-supereffective|p1a: Dragapult
|-damage|p1a: Dragapult|0 fnt
|faint|p1a: Dragapult
|
|win|clean cuts
|c|☆Coach Jones 6fifth|gg
|c|☆clean cuts|ggs
