|inactive|Battle timer is ON: inactive players will automatically lose when time's up.
|t:|1632076653
|gametype|singles
|player|p1|NeoNaruto®++|medium|
|player|p2|Chaitanya|hiker-gen4|
|teamsize|p1|6
|teamsize|p2|6
|gen|8
|tier|[Gen 8] OU
|rule|Sleep Clause Mod: Limit one foe put to sleep
|rule|Species Clause: Limit one of each Pokémon
|rule|OHKO Clause: OHKO moves are banned
|rule|Evasion Moves Clause: Evasion moves are banned
|rule|Endless Battle Clause: Forcing endless battles is banned
|rule|HP Percentage Mod: HP is shown in percentages
|rule|Dynamax Clause: You cannot dynamax
|clearpoke
|poke|p1|Landorus-Therian, M|
|poke|p1|Slowbro, F|
|poke|p1|Tapu Koko|
|poke|p1|Dragonite, F|
|poke|p1|Darmanitan, F|
|poke|p1|Tyranitar, M|
|poke|p2|Pelipper, M|
|poke|p2|Barraskewda, M|
|poke|p2|Regieleki|
|poke|p2|Tapu Lele|
|poke|p2|Landorus-Therian, M|
|poke|p2|Ferrothorn, M|
|teampreview
|inactive|NeoNaruto®++ also wants the timer to be on.
|
|t:|1632076670
|start
|switch|p1a: Bernie Landers|Landorus-Therian, M|100/100
|switch|p2a: Landorus|Landorus-Therian, M|100/100
|-ability|p1a: Bernie Landers|Intimidate|boost
|-unboost|p2a: Landorus|atk|1
|-ability|p2a: Landorus|Intimidate|boost
|-unboost|p1a: Bernie Landers|atk|1
|turn|1
|
|t:|1632076673
|move|p1a: Bernie Landers|Knock Off|p2a: Landorus
|-damage|p2a: Landorus|84/100
|-enditem|p2a: Landorus|Leftovers|[from] move: Knock Off|[of] p1a: Bernie Landers
|move|p2a: Landorus|Toxic|p1a: Bernie Landers
|-status|p1a: Bernie Landers|tox
|
|-damage|p1a: Bernie Landers|94/100 tox|[from] psn
|upkeep
|turn|2
|
|t:|1632076677
|move|p1a: Bernie Landers|Stealth Rock|p2a: Landorus
|-sidestart|p2: Chaitanya|move: Stealth Rock
|move|p2a: Landorus|Stealth Rock|p1a: Bernie Landers
|-sidestart|p1: NeoNaruto®++|move: Stealth Rock
|
|-damage|p1a: Bernie Landers|82/100 tox|[from] psn
|upkeep
|turn|3
|
|t:|1632076687
|move|p1a: Bernie Landers|U-turn|p2a: Landorus
|-resisted|p2a: Landorus
|-damage|p2a: Landorus|78/100
|
|t:|1632076689
|switch|p1a: spvceghvstpvrrp|Slowbro, F, shiny|100/100|[from]move: U-turn
|-damage|p1a: spvceghvstpvrrp|88/100|[from] Stealth Rock
|move|p2a: Landorus|U-turn|p1a: spvceghvstpvrrp
|-supereffective|p1a: spvceghvstpvrrp
|-damage|p1a: spvceghvstpvrrp|69/100
|-damage|p2a: Landorus|61/100|[from] item: Rocky Helmet|[of] p1a: spvceghvstpvrrp
|
|t:|1632076696
|switch|p2a: Pelipper|Pelipper, M|100/100|[from]move: U-turn
|-damage|p2a: Pelipper|75/100|[from] Stealth Rock
|-weather|RainDance|[from] ability: Drizzle|[of] p2a: Pelipper
|
|-weather|RainDance|[upkeep]
|upkeep
|turn|4
|
|t:|1632076701
|switch|p1a: VODECi|Tyranitar, M|100/100
|-damage|p1a: VODECi|88/100|[from] Stealth Rock
|-weather|Sandstorm|[from] ability: Sand Stream|[of] p1a: VODECi
|move|p2a: Pelipper|Surf|p1a: VODECi
|-supereffective|p1a: VODECi
|-damage|p1a: VODECi|54/100
|
|-weather|Sandstorm|[upkeep]
|-damage|p2a: Pelipper|69/100|[from] Sandstorm
|upkeep
|turn|5
|
|t:|1632076710
|switch|p2a: Landorus|Landorus-Therian, M|61/100
|-damage|p2a: Landorus|49/100|[from] Stealth Rock
|-ability|p2a: Landorus|Intimidate|boost
|-unboost|p1a: VODECi|atk|1
|move|p1a: VODECi|Fire Blast|p2a: Landorus
|-damage|p2a: Landorus|25/100
|
|-weather|Sandstorm|[upkeep]
|upkeep
|turn|6
|
|t:|1632076718
|switch|p2a: Pelipper|Pelipper, M|69/100
|-damage|p2a: Pelipper|44/100|[from] Stealth Rock
|-weather|RainDance|[from] ability: Drizzle|[of] p2a: Pelipper
|switch|p1a: spvceghvstpvrrp|Slowbro, F, shiny|100/100
|-damage|p1a: spvceghvstpvrrp|88/100|[from] Stealth Rock
|
|-weather|RainDance|[upkeep]
|upkeep
|turn|7
|
|t:|1632076722
|move|p2a: Pelipper|Hurricane|p1a: spvceghvstpvrrp
|-damage|p1a: spvceghvstpvrrp|5/100
|-start|p1a: spvceghvstpvrrp|confusion
|-activate|p1a: spvceghvstpvrrp|confusion
|-damage|p1a: spvceghvstpvrrp|0 fnt|[from] confusion
|faint|p1a: spvceghvstpvrrp
|
|-weather|RainDance|[upkeep]
|upkeep
|
|t:|1632076727
|switch|p1a: Tapu Koko|Tapu Koko|100/100
|-damage|p1a: Tapu Koko|88/100|[from] Stealth Rock
|-fieldstart|move: Electric Terrain|[from] ability: Electric Surge|[of] p1a: Tapu Koko
|turn|8
|
|t:|1632076730
|switch|p2a: Ferrothorn|Ferrothorn, M|100/100
|-damage|p2a: Ferrothorn|95/100|[from] Stealth Rock
|move|p1a: Tapu Koko|Volt Switch|p2a: Ferrothorn
|-resisted|p2a: Ferrothorn
|-damage|p2a: Ferrothorn|75/100
|
|t:|1632076733
|switch|p1a: VODECi|Tyranitar, M|54/100|[from]move: Volt Switch
|-damage|p1a: VODECi|42/100|[from] Stealth Rock
|-weather|Sandstorm|[from] ability: Sand Stream|[of] p1a: VODECi
|
|-weather|Sandstorm|[upkeep]
|-heal|p2a: Ferrothorn|81/100|[from] item: Leftovers
|upkeep
|turn|9
|
|t:|1632076748
|move|p1a: VODECi|Stone Edge|p2a: Ferrothorn
|-resisted|p2a: Ferrothorn
|-damage|p2a: Ferrothorn|63/100
|move|p2a: Ferrothorn|Spikes|p1a: VODECi
|-sidestart|p1: NeoNaruto®++|Spikes
|
|-weather|Sandstorm|[upkeep]
|-heal|p2a: Ferrothorn|69/100|[from] item: Leftovers
|upkeep
|turn|10
|
|t:|1632076772
|move|p1a: VODECi|Fire Blast|p2a: Ferrothorn|[miss]
|-miss|p1a: VODECi|p2a: Ferrothorn
|move|p2a: Ferrothorn|Iron Head|p1a: VODECi
|-supereffective|p1a: VODECi
|-damage|p1a: VODECi|0 fnt
|faint|p1a: VODECi
|
|-weather|Sandstorm|[upkeep]
|-heal|p2a: Ferrothorn|75/100|[from] item: Leftovers
|upkeep
|
|t:|1632076775
|switch|p1a: Darmanitan|Darmanitan, F|100/100
|turn|11
|
|t:|1632076782
|switch|p2a: Pelipper|Pelipper, M|44/100
|-damage|p2a: Pelipper|19/100|[from] Stealth Rock
|-weather|RainDance|[from] ability: Drizzle|[of] p2a: Pelipper
|move|p1a: Darmanitan|Flare Blitz|p2a: Pelipper
|-resisted|p2a: Pelipper
|-damage|p2a: Pelipper|0 fnt
|faint|p2a: Pelipper
|-damage|p1a: Darmanitan|96/100|[from] Recoil
|
|-weather|RainDance|[upkeep]
|upkeep
|
|t:|1632076783
|switch|p2a: Barraskewda|Barraskewda, M|100/100
|-damage|p2a: Barraskewda|88/100|[from] Stealth Rock
|turn|12
|
|t:|1632076808
|switch|p1a: Bernie Landers|Landorus-Therian, M|82/100 tox
|-damage|p1a: Bernie Landers|70/100 tox|[from] Stealth Rock
|-ability|p1a: Bernie Landers|Intimidate|boost
|-unboost|p2a: Barraskewda|atk|1
|move|p2a: Barraskewda|Flip Turn|p1a: Bernie Landers
|-supereffective|p1a: Bernie Landers
|-damage|p1a: Bernie Landers|1/100 tox
|-damage|p2a: Barraskewda|72/100|[from] item: Rocky Helmet|[of] p1a: Bernie Landers
|
|t:|1632076817
|switch|p2a: Regieleki|Regieleki|100/100|[from]move: Flip Turn
|
|-weather|RainDance|[upkeep]
|-damage|p1a: Bernie Landers|0 fnt|[from] psn
|faint|p1a: Bernie Landers
|-fieldend|move: Electric Terrain
|upkeep
|
|t:|1632076832
|switch|p1a: Fat Charizard|Dragonite, F, shiny|100/100
|turn|13
|
|t:|1632076840
|move|p2a: Regieleki|Volt Switch|p1a: Fat Charizard
|-damage|p1a: Fat Charizard|74/100
|
|t:|1632076841
|switch|p2a: Tapu Lele|Tapu Lele|100/100|[from]move: Volt Switch
|-damage|p2a: Tapu Lele|88/100|[from] Stealth Rock
|-fieldstart|move: Psychic Terrain|[from] ability: Psychic Surge|[of] p2a: Tapu Lele
|move|p1a: Fat Charizard|Dragon Dance|p1a: Fat Charizard
|-boost|p1a: Fat Charizard|atk|1
|-boost|p1a: Fat Charizard|spe|1
|
|-weather|RainDance|[upkeep]
|upkeep
|turn|14
|
|t:|1632076846
|move|p2a: Tapu Lele|Moonblast|p1a: Fat Charizard
|-supereffective|p1a: Fat Charizard
|-damage|p1a: Fat Charizard|0 fnt
|faint|p1a: Fat Charizard
|
|-weather|RainDance|[upkeep]
|upkeep
|
|t:|1632076849
|switch|p1a: Tapu Koko|Tapu Koko|88/100
|-damage|p1a: Tapu Koko|76/100|[from] Stealth Rock
|-damage|p1a: Tapu Koko|63/100|[from] Spikes
|-fieldstart|move: Electric Terrain|[from] ability: Electric Surge|[of] p1a: Tapu Koko
|turn|15
|-message|NeoNaruto®++ forfeited.
|
|win|Chaitanya
