|inactive|Battle timer is ON: inactive players will automatically lose when time's up.
|t:|1631998910
|gametype|singles
|player|p1|EeveetoTheN00b|acetrainersnow|
|player|p2|Redemption|#redemption|
|teamsize|p1|6
|teamsize|p2|6
|gen|8
|tier|[Gen 8] OU
|rule|Sleep Clause Mod: Limit one foe put to sleep
|rule|Species Clause: Limit one of each Pokémon
|rule|OHKO Clause: OHKO moves are banned
|rule|Evasion Moves Clause: Evasion moves are banned
|rule|Endless Battle Clause: Forcing endless battles is banned
|rule|HP Percentage Mod: HP is shown in percentages
|rule|Dynamax Clause: You cannot dynamax
|clearpoke
|poke|p1|Coalossal, M|
|poke|p1|Clefable, F|
|poke|p1|Hippowdon, M|
|poke|p1|Buzzwole|
|poke|p1|Scizor, M|
|poke|p1|Slowking, M|
|poke|p2|Garchomp, F|
|poke|p2|Zeraora|
|poke|p2|Blissey, F|
|poke|p2|Slowbro, F|
|poke|p2|Zapdos|
|poke|p2|Gengar, F|
|teampreview
|inactive|Redemption has 270 seconds left.
|
|t:|1631998969
|start
|switch|p1a: Hippo|Hippowdon, M|100/100
|switch|p2a: I|Blissey, F|100/100
|-weather|Sandstorm|[from] ability: Sand Stream|[of] p1a: Hippo
|turn|1
|
|t:|1631998978
|switch|p1a: Sr. Recortes|Scizor, M|100/100
|move|p2a: I|Stealth Rock|p1a: Sr. Recortes
|-sidestart|p1: EeveetoTheN00b|move: Stealth Rock
|
|-weather|Sandstorm|[upkeep]
|-damage|p2a: I|94/100|[from] Sandstorm
|upkeep
|turn|2
|
|t:|1631998984
|switch|p2a: E|Zapdos|100/100
|move|p1a: Sr. Recortes|Knock Off|p2a: E
|-damage|p2a: E|80/100
|-enditem|p2a: E|Heavy-Duty Boots|[from] move: Knock Off|[of] p1a: Sr. Recortes
|
|-weather|Sandstorm|[upkeep]
|-damage|p2a: E|74/100|[from] Sandstorm
|upkeep
|turn|3
|
|t:|1631998995
|switch|p1a: Galarian Golem|Coalossal, M|100/100
|move|p2a: E|Heat Wave|p1a: Galarian Golem
|-resisted|p1a: Galarian Golem
|-damage|p1a: Galarian Golem|98/100
|
|-weather|Sandstorm|[upkeep]
|-damage|p2a: E|68/100|[from] Sandstorm
|upkeep
|turn|4
|
|t:|1631999004
|move|p2a: E|Volt Switch|p1a: Galarian Golem
|-damage|p1a: Galarian Golem|86/100
|inactive|Redemption has 270 seconds left.
|
|t:|1631999045
|switch|p2a: D|Gengar, F|100/100|[from]move: Volt Switch
|move|p1a: Galarian Golem|Spikes|p2a: D
|-sidestart|p2: Redemption|Spikes
|
|-weather|Sandstorm|[upkeep]
|-damage|p2a: D|94/100|[from] Sandstorm
|upkeep
|turn|5
|c|+maxou1239|pour counter les scald de bro et pex jpense avec steam engine ?
|
|t:|1631999069
|switch|p1a: Hippo|Hippowdon, M|100/100
|move|p2a: D|Focus Blast|p1a: Hippo
|-damage|p1a: Hippo|55/100
|
|-weather|none
|upkeep
|turn|6
|inactive|Redemption has 240 seconds left.
|
|t:|1631999094
|switch|p2a: T|Slowbro, F|100/100
|-damage|p2a: T|88/100|[from] Spikes
|move|p1a: Hippo|Slack Off|p1a: Hippo
|-heal|p1a: Hippo|100/100
|
|upkeep
|turn|7
|
|t:|1631999100
|switch|p1a: Cabezaconcha|Slowking, M|100/100
|move|p2a: T|Scald|p1a: Cabezaconcha
|-resisted|p1a: Cabezaconcha
|-damage|p1a: Cabezaconcha|92/100
|
|upkeep
|turn|8
|
|t:|1631999109
|move|p1a: Cabezaconcha|Future Sight|p2a: T
|-start|p1a: Cabezaconcha|move: Future Sight
|move|p2a: T|Teleport|p2a: T
|
|t:|1631999111
|switch|p2a: D|Gengar, F|94/100|[from]move: Teleport
|-damage|p2a: D|82/100|[from] Spikes
|
|upkeep
|turn|9
|
|t:|1631999116
|move|p2a: D|Shadow Ball|p1a: Cabezaconcha
|-supereffective|p1a: Cabezaconcha
|-damage|p1a: Cabezaconcha|22/100
|move|p1a: Cabezaconcha|Scald|p2a: D
|-damage|p2a: D|38/100
|-start|p1a: Cabezaconcha|Disable|Scald|[from] ability: Cursed Body|[of] p2a: D
|
|upkeep
|turn|10
|inactive|Redemption has 270 seconds left.
|
|t:|1631999128
|switch|p2a: U|Garchomp, F|100/100
|-damage|p2a: U|88/100|[from] Spikes
|switch|p1a: Hippo|Hippowdon, M|100/100
|-weather|Sandstorm|[from] ability: Sand Stream|[of] p1a: Hippo
|
|-weather|Sandstorm|[upkeep]
|-end|p2a: U|move: Future Sight
|-damage|p2a: U|40/100
|-heal|p2a: U|46/100|[from] item: Leftovers
|upkeep
|turn|11
|inactive|Redemption has 270 seconds left.
|
|t:|1631999142
|switch|p1a: Ciclos Sanos|Buzzwole|100/100
|move|p2a: U|Swords Dance|p2a: U
|-boost|p2a: U|atk|2
|
|-weather|Sandstorm|[upkeep]
|-damage|p1a: Ciclos Sanos|94/100|[from] Sandstorm
|-heal|p2a: U|53/100|[from] item: Leftovers
|upkeep
|turn|12
|inactive|Redemption has 270 seconds left.
|
|t:|1631999161
|move|p2a: U|Fire Fang|p1a: Ciclos Sanos
|-supereffective|p1a: Ciclos Sanos
|-damage|p1a: Ciclos Sanos|32/100
|move|p1a: Ciclos Sanos|Ice Punch|p2a: U
|-supereffective|p2a: U
|-damage|p2a: U|0 fnt
|-damage|p1a: Ciclos Sanos|20/100|[from] ability: Rough Skin|[of] p2a: U
|faint|p2a: U
|-ability|p1a: Ciclos Sanos|Beast Boost|boost
|-boost|p1a: Ciclos Sanos|atk|1
|
|-weather|Sandstorm|[upkeep]
|-damage|p1a: Ciclos Sanos|14/100|[from] Sandstorm
|upkeep
|
|t:|1631999176
|switch|p2a: E|Zapdos|68/100
|turn|13
|
|t:|1631999188
|switch|p1a: Hippo|Hippowdon, M|100/100
|move|p2a: E|Heat Wave|p1a: Hippo
|-damage|p1a: Hippo|83/100
|
|-weather|Sandstorm|[upkeep]
|-damage|p2a: E|62/100|[from] Sandstorm
|upkeep
|turn|14
|
|t:|1631999206
|switch|p2a: N|Zeraora|100/100
|move|p1a: Hippo|Stealth Rock|p2a: N
|-sidestart|p2: Redemption|move: Stealth Rock
|
|-weather|none
|upkeep
|turn|15
|
|t:|1631999213
|move|p2a: N|Toxic|p1a: Hippo
|-status|p1a: Hippo|tox
|move|p1a: Hippo|Earthquake|p2a: N
|-supereffective|p2a: N
|-damage|p2a: N|3/100
|
|-damage|p1a: Hippo|77/100 tox|[from] psn
|upkeep
|turn|16
|
|t:|1631999223
|switch|p2a: E|Zapdos|62/100
|-damage|p2a: E|37/100|[from] Stealth Rock
|move|p1a: Hippo|Whirlwind|p2a: E
|drag|p2a: D|Gengar, F|38/100
|-damage|p2a: D|26/100|[from] Stealth Rock
|-damage|p2a: D|14/100|[from] Spikes
|
|-damage|p1a: Hippo|64/100 tox|[from] psn
|upkeep
|turn|17
|
|t:|1631999235
|switch|p1a: Ciclos Sanos|Buzzwole|14/100
|move|p2a: D|Shadow Ball|p1a: Ciclos Sanos
|-damage|p1a: Ciclos Sanos|0 fnt
|faint|p1a: Ciclos Sanos
|
|upkeep
|
|t:|1631999241
|switch|p1a: Sr. Recortes|Scizor, M|100/100
|turn|18
|
|t:|1631999250
|switch|p2a: T|Slowbro, F|100/100
|-damage|p2a: T|88/100|[from] Spikes
|-damage|p2a: T|76/100|[from] Stealth Rock
|move|p1a: Sr. Recortes|Bullet Punch|p2a: T
|-resisted|p2a: T
|-damage|p2a: T|69/100
|
|upkeep
|turn|19
|
|t:|1631999261
|move|p1a: Sr. Recortes|Knock Off|p2a: T
|-supereffective|p2a: T
|-enditem|p2a: T|Colbur Berry|[eat]
|-enditem|p2a: T|Colbur Berry|[weaken]
|-damage|p2a: T|52/100
|move|p2a: T|Scald|p1a: Sr. Recortes
|-damage|p1a: Sr. Recortes|76/100
|
|upkeep
|turn|20
|
|t:|1631999271
|move|p1a: Sr. Recortes|U-turn|p2a: T
|-supereffective|p2a: T
|-damage|p2a: T|18/100
|
|t:|1631999273
|switch|p1a: Fabiole|Clefable, F|100/100|[from]move: U-turn
|move|p2a: T|Scald|p1a: Fabiole
|-damage|p1a: Fabiole|73/100
|-status|p1a: Fabiole|brn
|
|-heal|p1a: Fabiole|79/100 brn|[from] item: Leftovers
|upkeep
|turn|21
|
|t:|1631999285
|switch|p2a: I|Blissey, F|94/100
|move|p1a: Fabiole|Knock Off|p2a: I
|-damage|p2a: I|88/100
|-enditem|p2a: I|Heavy-Duty Boots|[from] move: Knock Off|[of] p1a: Fabiole
|
|-heal|p1a: Fabiole|85/100 brn|[from] item: Leftovers
|upkeep
|turn|22
|
|t:|1631999291
|switch|p1a: Sr. Recortes|Scizor, M|76/100
|move|p2a: I|Teleport|p2a: I
|
|t:|1631999296
|switch|p2a: E|Zapdos|37/100|[from]move: Teleport
|-damage|p2a: E|12/100|[from] Stealth Rock
|
|upkeep
|turn|23
|
|t:|1631999301
|move|p1a: Sr. Recortes|Bullet Punch|p2a: E
|-resisted|p2a: E
|-damage|p2a: E|2/100
|move|p2a: E|Roost|p2a: E
|-heal|p2a: E|52/100
|-singleturn|p2a: E|move: Roost
|
|upkeep
|turn|24
|
|t:|1631999312
|switch|p1a: Hippo|Hippowdon, M|64/100 tox
|-weather|Sandstorm|[from] ability: Sand Stream|[of] p1a: Hippo
|move|p2a: E|Defog|p1a: Hippo
|-unboost|p1a: Hippo|evasion|1
|-sideend|p1: EeveetoTheN00b|Stealth Rock|[from] move: Defog|[of] p2a: E
|-sideend|p2: Redemption|Spikes|[from] move: Defog|[of] p2a: E
|-sideend|p2: Redemption|Stealth Rock|[from] move: Defog|[of] p2a: E
|
|-weather|Sandstorm|[upkeep]
|-damage|p2a: E|46/100|[from] Sandstorm
|-damage|p1a: Hippo|58/100 tox|[from] psn
|upkeep
|turn|25
|
|t:|1631999324
|move|p2a: E|Roost|p2a: E
|-heal|p2a: E|96/100
|-singleturn|p2a: E|move: Roost
|move|p1a: Hippo|Slack Off|p1a: Hippo
|-heal|p1a: Hippo|100/100 tox
|
|-weather|Sandstorm|[upkeep]
|-damage|p2a: E|90/100|[from] Sandstorm
|-damage|p1a: Hippo|88/100 tox|[from] psn
|upkeep
|turn|26
|
|t:|1631999340
|switch|p1a: Galarian Golem|Coalossal, M|86/100
|move|p2a: E|Volt Switch|p1a: Galarian Golem
|-damage|p1a: Galarian Golem|74/100
|
|t:|1631999354
|switch|p2a: T|Slowbro, F|51/100|[from]move: Volt Switch
|
|-weather|Sandstorm|[upkeep]
|-damage|p2a: T|45/100|[from] Sandstorm
|upkeep
|turn|27
|
|t:|1631999363
|move|p1a: Galarian Golem|Spikes|p2a: T
|-sidestart|p2: Redemption|Spikes
|move|p2a: T|Teleport|p2a: T
|
|t:|1631999370
|switch|p2a: E|Zapdos|90/100|[from]move: Teleport
|
|-weather|Sandstorm|[upkeep]
|-damage|p2a: E|84/100|[from] Sandstorm
|upkeep
|turn|28
|
|t:|1631999376
|move|p2a: E|Volt Switch|p1a: Galarian Golem
|-crit|p1a: Galarian Golem
|-damage|p1a: Galarian Golem|56/100
|
|t:|1631999379
|switch|p2a: T|Slowbro, F|78/100|[from]move: Volt Switch
|-damage|p2a: T|66/100|[from] Spikes
|move|p1a: Galarian Golem|Rock Blast|p2a: T
|-damage|p2a: T|61/100
|-damage|p2a: T|57/100
|-hitcount|p2a: T|2
|
|-weather|none
|upkeep
|turn|29
|
|t:|1631999387
|switch|p1a: Cabezaconcha|Slowking, M|55/100
|move|p2a: T|Teleport|p2a: T
|
|t:|1631999407
|switch|p2a: E|Zapdos|84/100|[from]move: Teleport
|
|upkeep
|turn|30
|
|t:|1631999413
|switch|p1a: Hippo|Hippowdon, M|88/100 tox
|-weather|Sandstorm|[from] ability: Sand Stream|[of] p1a: Hippo
|move|p2a: E|Defog|p1a: Hippo
|-unboost|p1a: Hippo|evasion|1
|-sideend|p2: Redemption|Spikes|[from] move: Defog|[of] p2a: E
|
|-weather|Sandstorm|[upkeep]
|-damage|p2a: E|78/100|[from] Sandstorm
|-damage|p1a: Hippo|82/100 tox|[from] psn
|upkeep
|turn|31
|inactive|Redemption has 270 seconds left.
|
|t:|1631999456
|switch|p1a: Galarian Golem|Coalossal, M|56/100
|move|p2a: E|Heat Wave|p1a: Galarian Golem
|-resisted|p1a: Galarian Golem
|-damage|p1a: Galarian Golem|53/100
|
|-weather|Sandstorm|[upkeep]
|-damage|p2a: E|72/100|[from] Sandstorm
|upkeep
|turn|32
|
|t:|1631999464
|move|p2a: E|Volt Switch|p1a: Galarian Golem
|-damage|p1a: Galarian Golem|41/100
|
|t:|1631999470
|switch|p2a: T|Slowbro, F|90/100|[from]move: Volt Switch
|move|p1a: Galarian Golem|Spikes|p2a: T
|-sidestart|p2: Redemption|Spikes
|
|-weather|Sandstorm|[upkeep]
|-damage|p2a: T|84/100|[from] Sandstorm
|upkeep
|turn|33
|inactive|Redemption has 270 seconds left.
|
|t:|1631999477
|switch|p1a: Cabezaconcha|Slowking, M|88/100
|move|p2a: T|Scald|p1a: Cabezaconcha
|-resisted|p1a: Cabezaconcha
|-damage|p1a: Cabezaconcha|80/100
|
|-weather|Sandstorm|[upkeep]
|-damage|p2a: T|78/100|[from] Sandstorm
|-damage|p1a: Cabezaconcha|74/100|[from] Sandstorm
|upkeep
|turn|34
|
|t:|1631999486
|move|p2a: T|Scald|p1a: Cabezaconcha
|-resisted|p1a: Cabezaconcha
|-damage|p1a: Cabezaconcha|65/100
|move|p1a: Cabezaconcha|Dragon Tail|p2a: T
|-damage|p2a: T|71/100
|drag|p2a: I|Blissey, F|88/100
|-damage|p2a: I|75/100|[from] Spikes
|
|-weather|none
|upkeep
|turn|35
|
|t:|1631999499
|move|p2a: I|Stealth Rock|p1a: Cabezaconcha
|-sidestart|p1: EeveetoTheN00b|move: Stealth Rock
|move|p1a: Cabezaconcha|Dragon Tail|p2a: I
|-damage|p2a: I|65/100
|drag|p2a: E|Zapdos|72/100
|
|upkeep
|turn|36
|inactive|Redemption has 270 seconds left.
|
|t:|1631999516
|move|p2a: E|Volt Switch|p1a: Cabezaconcha
|-supereffective|p1a: Cabezaconcha
|-damage|p1a: Cabezaconcha|30/100
|inactive|Redemption has 270 seconds left.
|
|t:|1631999527
|switch|p2a: I|Blissey, F|65/100|[from]move: Volt Switch
|-damage|p2a: I|53/100|[from] Spikes
|move|p1a: Cabezaconcha|Slack Off|p1a: Cabezaconcha
|-heal|p1a: Cabezaconcha|80/100
|
|upkeep
|turn|37
|inactive|Redemption has 270 seconds left.
|
|t:|1631999536
|move|p1a: Cabezaconcha|Future Sight|p2a: I
|-start|p1a: Cabezaconcha|move: Future Sight
|move|p2a: I|Teleport|p2a: I
|inactive|Redemption has 270 seconds left.
|
|t:|1631999550
|switch|p2a: T|Slowbro, F|100/100|[from]move: Teleport
|-damage|p2a: T|88/100|[from] Spikes
|
|upkeep
|turn|38
|inactive|Redemption has 270 seconds left.
|
|t:|1631999561
|move|p1a: Cabezaconcha|Scald|p2a: T
|-resisted|p2a: T
|-damage|p2a: T|74/100
|move|p2a: T|Teleport|p2a: T
|
|t:|1631999583
|switch|p2a: I|Blissey, F|53/100|[from]move: Teleport
|-damage|p2a: I|40/100|[from] Spikes
|
|upkeep
|turn|39
|
|t:|1631999592
|move|p2a: I|Soft-Boiled|p2a: I
|-heal|p2a: I|90/100
|move|p1a: Cabezaconcha|Dragon Tail|p2a: I
|-damage|p2a: I|81/100
|drag|p2a: D|Gengar, F|14/100
|-damage|p2a: D|1/100|[from] Spikes
|
|-end|p2a: D|move: Future Sight
|-supereffective|p2a: D
|-damage|p2a: D|0 fnt
|faint|p2a: D
|upkeep
|inactive|Redemption has 240 seconds left.
|
|t:|1631999623
|switch|p2a: N|Zeraora|3/100
|turn|40
|
|t:|1631999634
|switch|p2a: T|Slowbro, F|100/100
|-damage|p2a: T|88/100|[from] Spikes
|switch|p1a: Hippo|Hippowdon, M|82/100 tox
|-weather|Sandstorm|[from] ability: Sand Stream|[of] p1a: Hippo
|
|-weather|Sandstorm|[upkeep]
|-damage|p2a: T|82/100|[from] Sandstorm
|-damage|p1a: Hippo|76/100 tox|[from] psn
|upkeep
|turn|41
|
|t:|1631999645
|switch|p1a: Cabezaconcha|Slowking, M|100/100
|move|p2a: T|Scald|p1a: Cabezaconcha
|-resisted|p1a: Cabezaconcha
|-damage|p1a: Cabezaconcha|93/100
|
|-weather|Sandstorm|[upkeep]
|-damage|p1a: Cabezaconcha|87/100|[from] Sandstorm
|-damage|p2a: T|76/100|[from] Sandstorm
|upkeep
|turn|42
|
|t:|1631999656
|move|p2a: T|Scald|p1a: Cabezaconcha
|-resisted|p1a: Cabezaconcha
|-damage|p1a: Cabezaconcha|79/100
|move|p1a: Cabezaconcha|Dragon Tail|p2a: T
|-damage|p2a: T|69/100
|drag|p2a: E|Zapdos|72/100
|
|-weather|Sandstorm|[upkeep]
|-damage|p2a: E|66/100|[from] Sandstorm
|-damage|p1a: Cabezaconcha|73/100|[from] Sandstorm
|upkeep
|turn|43
|
|t:|1631999673
|move|p2a: E|Volt Switch|p1a: Cabezaconcha
|-supereffective|p1a: Cabezaconcha
|-damage|p1a: Cabezaconcha|41/100
|
|t:|1631999678
|switch|p2a: T|Slowbro, F|100/100|[from]move: Volt Switch
|-damage|p2a: T|88/100|[from] Spikes
|move|p1a: Cabezaconcha|Dragon Tail|p2a: T|[miss]
|-miss|p1a: Cabezaconcha|p2a: T
|
|-weather|Sandstorm|[upkeep]
|-damage|p1a: Cabezaconcha|35/100|[from] Sandstorm
|-damage|p2a: T|82/100|[from] Sandstorm
|upkeep
|turn|44
|
|t:|1631999684
|move|p2a: T|Scald|p1a: Cabezaconcha
|-resisted|p1a: Cabezaconcha
|-damage|p1a: Cabezaconcha|27/100
|-status|p1a: Cabezaconcha|brn
|move|p1a: Cabezaconcha|Slack Off|p1a: Cabezaconcha
|-heal|p1a: Cabezaconcha|77/100 brn
|
|-weather|none
|-damage|p1a: Cabezaconcha|71/100 brn|[from] brn
|upkeep
|turn|45
|inactive|Redemption has 240 seconds left.
|
|t:|1631999694
|move|p1a: Cabezaconcha|Future Sight|p2a: T
|-start|p1a: Cabezaconcha|move: Future Sight
|move|p2a: T|Teleport|p2a: T
|
|t:|1631999698
|switch|p2a: E|Zapdos|66/100|[from]move: Teleport
|
|-damage|p1a: Cabezaconcha|65/100 brn|[from] brn
|upkeep
|turn|46
|inactive|Redemption has 240 seconds left.
|
|t:|1631999736
|switch|p1a: Hippo|Hippowdon, M|76/100 tox
|-weather|Sandstorm|[from] ability: Sand Stream|[of] p1a: Hippo
|move|p2a: E|Volt Switch|p1a: Hippo
|-immune|p1a: Hippo
|
|-weather|Sandstorm|[upkeep]
|-damage|p2a: E|60/100|[from] Sandstorm
|-damage|p1a: Hippo|69/100 tox|[from] psn
|upkeep
|turn|47
|c|+maxou1239|defog pour la sand red
|
|t:|1631999747
|switch|p1a: Galarian Golem|Coalossal, M|41/100
|move|p2a: E|Heat Wave|p1a: Galarian Golem
|-resisted|p1a: Galarian Golem
|-crit|p1a: Galarian Golem
|-damage|p1a: Galarian Golem|37/100
|
|-weather|Sandstorm|[upkeep]
|-damage|p2a: E|54/100|[from] Sandstorm
|-end|p2a: E|move: Future Sight
|-damage|p2a: E|15/100
|upkeep
|turn|48
|c|+Cousiin.|il ghost
|c|+Cousiin.|bannewz moi ca
|c|+maxou1239|non lol
|c|+Cousiin.|:henry:
|inactive|Redemption has 210 seconds left.
|
|t:|1631999785
|move|p2a: E|Volt Switch|p1a: Galarian Golem
|-damage|p1a: Galarian Golem|25/100
|c|+MortalityI|Stour?
|c|+Cousiin.|ye
|
|t:|1631999793
|switch|p2a: T|Slowbro, F|100/100|[from]move: Volt Switch
|-damage|p2a: T|88/100|[from] Spikes
|move|p1a: Galarian Golem|Rest|p1a: Galarian Golem
|-status|p1a: Galarian Golem|slp|[from] move: Rest
|-heal|p1a: Galarian Golem|100/100 slp|[silent]
|
|-weather|Sandstorm|[upkeep]
|-damage|p2a: T|82/100|[from] Sandstorm
|upkeep
|turn|49
|
|t:|1631999804
|switch|p1a: Cabezaconcha|Slowking, M|98/100 brn
|move|p2a: T|Teleport|p2a: T
|
|t:|1631999812
|switch|p2a: E|Zapdos|15/100|[from]move: Teleport
|
|-weather|Sandstorm|[upkeep]
|-damage|p2a: E|9/100|[from] Sandstorm
|-damage|p1a: Cabezaconcha|92/100 brn|[from] Sandstorm
|-damage|p1a: Cabezaconcha|86/100 brn|[from] brn
|upkeep
|turn|50
|
|t:|1631999816
|move|p2a: E|Roost|p2a: E
|-heal|p2a: E|59/100
|-singleturn|p2a: E|move: Roost
|move|p1a: Cabezaconcha|Scald|p2a: E
|-damage|p2a: E|30/100
|
|-weather|none
|-damage|p1a: Cabezaconcha|80/100 brn|[from] brn
|upkeep
|turn|51
|
|t:|1631999824
|move|p2a: E|Roost|p2a: E
|-heal|p2a: E|80/100
|-singleturn|p2a: E|move: Roost
|move|p1a: Cabezaconcha|Future Sight|p2a: E
|-start|p1a: Cabezaconcha|move: Future Sight
|
|-damage|p1a: Cabezaconcha|74/100 brn|[from] brn
|upkeep
|turn|52
|
|t:|1631999833
|move|p2a: E|Heat Wave|p1a: Cabezaconcha
|-resisted|p1a: Cabezaconcha
|-damage|p1a: Cabezaconcha|65/100 brn
|move|p1a: Cabezaconcha|Slack Off|p1a: Cabezaconcha
|-heal|p1a: Cabezaconcha|100/100 brn
|
|-damage|p1a: Cabezaconcha|94/100 brn|[from] brn
|upkeep
|turn|53
|
|t:|1631999841
|move|p2a: E|Volt Switch|p1a: Cabezaconcha
|-supereffective|p1a: Cabezaconcha
|-damage|p1a: Cabezaconcha|58/100 brn
|
|t:|1631999851
|switch|p2a: T|Slowbro, F|100/100|[from]move: Volt Switch
|-damage|p2a: T|88/100|[from] Spikes
|move|p1a: Cabezaconcha|Dragon Tail|p2a: T
|-damage|p2a: T|85/100
|drag|p2a: N|Zeraora|3/100
|
|-end|p2a: N|move: Future Sight
|-damage|p2a: N|0 fnt
|faint|p2a: N
|-damage|p1a: Cabezaconcha|52/100 brn|[from] brn
|upkeep
|
|t:|1631999869
|switch|p2a: I|Blissey, F|81/100
|-damage|p2a: I|69/100|[from] Spikes
|turn|54
|
|t:|1631999880
|switch|p1a: Hippo|Hippowdon, M|69/100 tox
|-weather|Sandstorm|[from] ability: Sand Stream|[of] p1a: Hippo
|move|p2a: I|Seismic Toss|p1a: Hippo
|-damage|p1a: Hippo|46/100 tox
|
|-weather|Sandstorm|[upkeep]
|-damage|p2a: I|63/100|[from] Sandstorm
|-damage|p1a: Hippo|39/100 tox|[from] psn
|upkeep
|turn|55
|
|t:|1631999884
|move|p2a: I|Seismic Toss|p1a: Hippo
|-damage|p1a: Hippo|16/100 tox
|move|p1a: Hippo|Slack Off|p1a: Hippo
|-heal|p1a: Hippo|66/100 tox
|
|-weather|Sandstorm|[upkeep]
|-damage|p2a: I|56/100|[from] Sandstorm
|-damage|p1a: Hippo|53/100 tox|[from] psn
|upkeep
|turn|56
|inactive|Redemption has 240 seconds left.
|
|t:|1631999892
|move|p2a: I|Seismic Toss|p1a: Hippo
|-damage|p1a: Hippo|29/100 tox
|move|p1a: Hippo|Slack Off|p1a: Hippo
|-heal|p1a: Hippo|79/100 tox
|
|-weather|Sandstorm|[upkeep]
|-damage|p2a: I|50/100|[from] Sandstorm
|-damage|p1a: Hippo|61/100 tox|[from] psn
|upkeep
|turn|57
|
|t:|1631999902
|switch|p1a: Fabiole|Clefable, F|85/100 brn
|move|p2a: I|Soft-Boiled|p2a: I
|-heal|p2a: I|99/100
|
|-weather|Sandstorm|[upkeep]
|-damage|p2a: I|94/100|[from] Sandstorm
|-heal|p1a: Fabiole|91/100 brn|[from] item: Leftovers
|upkeep
|turn|58
|c|☆EeveetoTheN00b|Ok, time to just finish this, should have done it long ago
|c|☆Redemption|ow
|inactive|Redemption has 240 seconds left.
|c|+maxou1239|stall le red 
|
|t:|1631999919
|move|p1a: Fabiole|Calm Mind|p1a: Fabiole
|-boost|p1a: Fabiole|spa|1
|-boost|p1a: Fabiole|spd|1
|move|p2a: I|Teleport|p2a: I
|c|+maxou1239|montre lui
|inactive|Redemption has 240 seconds left.
|c|☆Redemption|you indeed
|c|☆Redemption|should have told me
|c|☆Redemption|:(
|c|☆Redemption|gg
|-message|Redemption forfeited.
|
|win|EeveetoTheN00b
