|inactive|Battle timer is ON: inactive players will automatically lose when time's up.
|t:|1641726566
|gametype|singles
|player|p1|talah☭|#talah|
|player|p2|PYUKUMUKU GURU|#wcop2021latinamerica|
|teamsize|p1|6
|teamsize|p2|6
|gen|8
|tier|[Gen 8] OU
|rule|Sleep Clause Mod: Limit one foe put to sleep
|rule|Species Clause: Limit one of each Pokémon
|rule|OHKO Clause: OHKO moves are banned
|rule|Evasion Moves Clause: Evasion moves are banned
|rule|Endless Battle Clause: Forcing endless battles is banned
|rule|HP Percentage Mod: HP is shown in percentages
|rule|Dynamax Clause: You cannot dynamax
|clearpoke
|poke|p1|Dracozolt|
|poke|p1|Slowbro, F|
|poke|p1|Landorus-Therian, M|
|poke|p1|Tyranitar, F|
|poke|p1|Ferrothorn, M|
|poke|p1|Tornadus-Therian, M|
|poke|p2|Pelipper, M|
|poke|p2|Ferrothorn, M|
|poke|p2|Moltres-Galar|
|poke|p2|Zapdos|
|poke|p2|Barraskewda, M|
|poke|p2|Seismitoad, M|
|teampreview
|c|☆talah☭|hf
|c|☆PYUKUMUKU GURU|hf
|inactive|talah☭ has 270 seconds left.
|inactive|PYUKUMUKU GURU has 270 seconds left.
|inactive|PYUKUMUKU GURU has 240 seconds left.
|
|t:|1641726647
|start
|switch|p1a: Tornadus|Tornadus-Therian, M|100/100
|switch|p2a: SUMMONER|Pelipper, M, shiny|100/100
|-weather|RainDance|[from] ability: Drizzle|[of] p2a: SUMMONER
|turn|1
|
|t:|1641726651
|move|p1a: Tornadus|Hurricane|p2a: SUMMONER
|-damage|p2a: SUMMONER|22/100
|move|p2a: SUMMONER|U-turn|p1a: Tornadus
|-resisted|p1a: Tornadus
|-damage|p1a: Tornadus|94/100
|
|t:|1641726655
|switch|p2a: RAGE CANDYBAR|Barraskewda, M, shiny|100/100|[from]move: U-turn
|
|-weather|RainDance|[upkeep]
|upkeep
|turn|2
|
|t:|1641726663
|switch|p1a: Slowbro|Slowbro, F|100/100
|move|p2a: RAGE CANDYBAR|Flip Turn|p1a: Slowbro
|-resisted|p1a: Slowbro
|-damage|p1a: Slowbro|77/100
|
|t:|1641726679
|switch|p2a: PRISON|Ferrothorn, M, shiny|100/100|[from]move: Flip Turn
|
|-weather|RainDance|[upkeep]
|upkeep
|turn|3
|
|t:|1641726687
|move|p2a: PRISON|Stealth Rock|p1a: Slowbro
|-sidestart|p1: talah☭|move: Stealth Rock
|move|p1a: Slowbro|Teleport|p1a: Slowbro
|
|t:|1641726703
|switch|p1a: Landorus|Landorus-Therian, M|100/100|[from]move: Teleport
|-damage|p1a: Landorus|88/100|[from] Stealth Rock
|-ability|p1a: Landorus|Intimidate|boost
|-unboost|p2a: PRISON|atk|1
|
|-weather|RainDance|[upkeep]
|-heal|p1a: Landorus|94/100|[from] item: Leftovers
|upkeep
|turn|4
|
|t:|1641726721
|switch|p2a: GLOBOX|Seismitoad, M, shiny|100/100
|move|p1a: Landorus|Defog|p2a: GLOBOX
|-unboost|p2a: GLOBOX|evasion|1
|-sideend|p1: talah☭|Stealth Rock|[from] move: Defog|[of] p1a: Landorus
|
|-weather|RainDance|[upkeep]
|-heal|p1a: Landorus|99/100|[from] item: Leftovers
|upkeep
|turn|5
|
|t:|1641726728
|switch|p1a: Ferrothorn|Ferrothorn, M|100/100
|move|p2a: GLOBOX|Liquidation|p1a: Ferrothorn
|-resisted|p1a: Ferrothorn
|-damage|p1a: Ferrothorn|78/100
|-damage|p2a: GLOBOX|88/100|[from] ability: Iron Barbs|[of] p1a: Ferrothorn
|-damage|p2a: GLOBOX|72/100|[from] item: Rocky Helmet|[of] p1a: Ferrothorn
|-damage|p2a: GLOBOX|62/100|[from] item: Life Orb
|
|-weather|RainDance|[upkeep]
|upkeep
|turn|6
|
|t:|1641726738
|switch|p2a: SUMMONER|Pelipper, M, shiny|22/100
|move|p1a: Ferrothorn|Knock Off|p2a: SUMMONER
|-damage|p2a: SUMMONER|1/100
|-enditem|p2a: SUMMONER|Damp Rock|[from] move: Knock Off|[of] p1a: Ferrothorn
|
|-weather|RainDance|[upkeep]
|upkeep
|turn|7
|
|t:|1641726743
|switch|p1a: Tyranitar|Tyranitar, F|100/100
|-weather|Sandstorm|[from] ability: Sand Stream|[of] p1a: Tyranitar
|move|p2a: SUMMONER|Roost|p2a: SUMMONER
|-heal|p2a: SUMMONER|51/100
|-singleturn|p2a: SUMMONER|move: Roost
|
|-weather|Sandstorm|[upkeep]
|-damage|p2a: SUMMONER|45/100|[from] Sandstorm
|upkeep
|turn|8
|
|t:|1641726747
|switch|p2a: PRISON|Ferrothorn, M, shiny|100/100
|move|p1a: Tyranitar|Stealth Rock|p2a: PRISON
|-sidestart|p2: PYUKUMUKU GURU|move: Stealth Rock
|
|-weather|Sandstorm|[upkeep]
|upkeep
|turn|9
|
|t:|1641726754
|switch|p1a: Tornadus|Tornadus-Therian, M|100/100
|move|p2a: PRISON|Stealth Rock|p1a: Tornadus
|-sidestart|p1: talah☭|move: Stealth Rock
|
|-weather|Sandstorm|[upkeep]
|-damage|p1a: Tornadus|94/100|[from] Sandstorm
|upkeep
|turn|10
|
|t:|1641726785
|move|p1a: Tornadus|Heat Wave|p2a: PRISON
|-supereffective|p2a: PRISON
|-damage|p2a: PRISON|0 fnt
|faint|p2a: PRISON
|
|-weather|Sandstorm|[upkeep]
|-damage|p1a: Tornadus|88/100|[from] Sandstorm
|upkeep
|
|t:|1641726790
|switch|p2a: RAGE CANDYBAR|Barraskewda, M, shiny|100/100
|-damage|p2a: RAGE CANDYBAR|88/100|[from] Stealth Rock
|turn|11
|
|t:|1641726812
|switch|p1a: Slowbro|Slowbro, F|100/100
|-damage|p1a: Slowbro|88/100|[from] Stealth Rock
|move|p2a: RAGE CANDYBAR|Flip Turn|p1a: Slowbro
|-resisted|p1a: Slowbro
|-damage|p1a: Slowbro|72/100
|
|t:|1641726817
|switch|p2a: DARKNESS|Moltres-Galar|100/100|[from]move: Flip Turn
|
|-weather|Sandstorm|[upkeep]
|-damage|p2a: DARKNESS|94/100|[from] Sandstorm
|-damage|p1a: Slowbro|66/100|[from] Sandstorm
|upkeep
|turn|12
|
|t:|1641726830
|switch|p1a: Dracozolt|Dracozolt|100/100
|-damage|p1a: Dracozolt|88/100|[from] Stealth Rock
|move|p2a: DARKNESS|Fiery Wrath|p1a: Dracozolt
|-damage|p1a: Dracozolt|24/100
|
|-weather|Sandstorm|[upkeep]
|-damage|p2a: DARKNESS|88/100|[from] Sandstorm
|-heal|p1a: Dracozolt|30/100|[from] item: Leftovers
|upkeep
|turn|13
|
|t:|1641726849
|switch|p2a: GLOBOX|Seismitoad, M, shiny|62/100
|-damage|p2a: GLOBOX|55/100|[from] Stealth Rock
|move|p1a: Dracozolt|Bolt Beak|p2a: GLOBOX
|-immune|p2a: GLOBOX
|
|-weather|Sandstorm|[upkeep]
|-heal|p1a: Dracozolt|37/100|[from] item: Leftovers
|upkeep
|turn|14
|
|t:|1641726857
|move|p1a: Dracozolt|Draco Meteor|p2a: GLOBOX
|-damage|p2a: GLOBOX|0 fnt
|-unboost|p1a: Dracozolt|spa|2
|faint|p2a: GLOBOX
|
|-weather|none
|-heal|p1a: Dracozolt|43/100|[from] item: Leftovers
|upkeep
|
|t:|1641726861
|switch|p2a: RAGE CANDYBAR|Barraskewda, M, shiny|88/100
|-damage|p2a: RAGE CANDYBAR|75/100|[from] Stealth Rock
|turn|15
|
|t:|1641726871
|switch|p1a: Slowbro|Slowbro, F|99/100
|-damage|p1a: Slowbro|87/100|[from] Stealth Rock
|move|p2a: RAGE CANDYBAR|Flip Turn|p1a: Slowbro
|-resisted|p1a: Slowbro
|-damage|p1a: Slowbro|71/100
|
|t:|1641726877
|switch|p2a: DARKNESS|Moltres-Galar|88/100|[from]move: Flip Turn
|
|upkeep
|turn|16
|
|t:|1641726887
|switch|p1a: Tyranitar|Tyranitar, F|100/100
|-damage|p1a: Tyranitar|88/100|[from] Stealth Rock
|-weather|Sandstorm|[from] ability: Sand Stream|[of] p1a: Tyranitar
|move|p2a: DARKNESS|Fiery Wrath|p1a: Tyranitar
|-resisted|p1a: Tyranitar
|-damage|p1a: Tyranitar|79/100
|
|-weather|Sandstorm|[upkeep]
|-damage|p2a: DARKNESS|82/100|[from] Sandstorm
|upkeep
|turn|17
|
|t:|1641726909
|move|p2a: DARKNESS|Fiery Wrath|p1a: Tyranitar
|-resisted|p1a: Tyranitar
|-damage|p1a: Tyranitar|70/100
|move|p1a: Tyranitar|Rock Blast|p2a: DARKNESS
|-supereffective|p2a: DARKNESS
|-damage|p2a: DARKNESS|58/100
|-supereffective|p2a: DARKNESS
|-damage|p2a: DARKNESS|31/100
|-supereffective|p2a: DARKNESS
|-damage|p2a: DARKNESS|5/100
|-hitcount|p2a: DARKNESS|3
|-ability|p2a: DARKNESS|Berserk|boost
|-boost|p2a: DARKNESS|spa|1
|
|-weather|Sandstorm|[upkeep]
|-damage|p2a: DARKNESS|0 fnt|[from] Sandstorm
|faint|p2a: DARKNESS
|upkeep
|
|t:|1641726914
|switch|p2a: RAGE CANDYBAR|Barraskewda, M, shiny|75/100
|-damage|p2a: RAGE CANDYBAR|63/100|[from] Stealth Rock
|turn|18
|
|t:|1641726927
|switch|p1a: Ferrothorn|Ferrothorn, M|78/100
|-damage|p1a: Ferrothorn|72/100|[from] Stealth Rock
|move|p2a: RAGE CANDYBAR|Crunch|p1a: Ferrothorn
|-damage|p1a: Ferrothorn|46/100
|-unboost|p1a: Ferrothorn|def|1
|-damage|p2a: RAGE CANDYBAR|50/100|[from] ability: Iron Barbs|[of] p1a: Ferrothorn
|-damage|p2a: RAGE CANDYBAR|34/100|[from] item: Rocky Helmet|[of] p1a: Ferrothorn
|
|-weather|Sandstorm|[upkeep]
|-damage|p2a: RAGE CANDYBAR|28/100|[from] Sandstorm
|upkeep
|turn|19
|
|t:|1641726937
|switch|p2a: BYAKKO|Zapdos, shiny|100/100
|-damage|p2a: BYAKKO|76/100|[from] Stealth Rock
|move|p1a: Ferrothorn|Leech Seed|p2a: BYAKKO
|-start|p2a: BYAKKO|move: Leech Seed
|
|-weather|Sandstorm|[upkeep]
|-damage|p2a: BYAKKO|69/100|[from] Sandstorm
|-damage|p2a: BYAKKO|57/100|[from] Leech Seed|[of] p1a: Ferrothorn
|-heal|p1a: Ferrothorn|58/100|[silent]
|upkeep
|turn|20
|
|t:|1641726949
|switch|p1a: Landorus|Landorus-Therian, M|99/100
|-damage|p1a: Landorus|88/100|[from] Stealth Rock
|-ability|p1a: Landorus|Intimidate|boost
|-unboost|p2a: BYAKKO|atk|1
|move|p2a: BYAKKO|Hurricane|p1a: Landorus|[miss]
|-miss|p2a: BYAKKO|p1a: Landorus
|
|-weather|Sandstorm|[upkeep]
|-damage|p2a: BYAKKO|51/100|[from] Sandstorm
|-heal|p1a: Landorus|94/100|[from] item: Leftovers
|-damage|p2a: BYAKKO|38/100|[from] Leech Seed|[of] p1a: Landorus
|-heal|p1a: Landorus|100/100|[silent]
|upkeep
|turn|21
|
|t:|1641726954
|move|p2a: BYAKKO|Hurricane|p1a: Landorus|[miss]
|-miss|p2a: BYAKKO|p1a: Landorus
|move|p1a: Landorus|U-turn|p2a: BYAKKO
|-resisted|p2a: BYAKKO
|-damage|p2a: BYAKKO|24/100
|
|t:|1641726956
|switch|p1a: Dracozolt|Dracozolt|43/100|[from]move: U-turn
|-damage|p1a: Dracozolt|30/100|[from] Stealth Rock
|
|-weather|Sandstorm|[upkeep]
|-damage|p2a: BYAKKO|18/100|[from] Sandstorm
|-heal|p1a: Dracozolt|37/100|[from] item: Leftovers
|-damage|p2a: BYAKKO|6/100|[from] Leech Seed|[of] p1a: Dracozolt
|-heal|p1a: Dracozolt|49/100|[silent]
|upkeep
|turn|22
|
|t:|1641726960
|switch|p2a: SUMMONER|Pelipper, M, shiny|45/100
|-damage|p2a: SUMMONER|20/100|[from] Stealth Rock
|-weather|RainDance|[from] ability: Drizzle|[of] p2a: SUMMONER
|move|p1a: Dracozolt|Bolt Beak|p2a: SUMMONER
|-supereffective|p2a: SUMMONER
|-damage|p2a: SUMMONER|0 fnt
|faint|p2a: SUMMONER
|
|-weather|RainDance|[upkeep]
|-heal|p1a: Dracozolt|55/100|[from] item: Leftovers
|upkeep
|
|t:|1641726966
|switch|p2a: RAGE CANDYBAR|Barraskewda, M, shiny|28/100
|-damage|p2a: RAGE CANDYBAR|15/100|[from] Stealth Rock
|turn|23
|
|t:|1641726975
|switch|p1a: Slowbro|Slowbro, F|100/100
|-damage|p1a: Slowbro|88/100|[from] Stealth Rock
|move|p2a: RAGE CANDYBAR|Liquidation|p1a: Slowbro
|-resisted|p1a: Slowbro
|-crit|p1a: Slowbro
|-damage|p1a: Slowbro|45/100
|
|-weather|RainDance|[upkeep]
|upkeep
|turn|24
|
|t:|1641726980
|switch|p1a: Ferrothorn|Ferrothorn, M|58/100
|-damage|p1a: Ferrothorn|52/100|[from] Stealth Rock
|move|p2a: RAGE CANDYBAR|Liquidation|p1a: Ferrothorn
|-resisted|p1a: Ferrothorn
|-damage|p1a: Ferrothorn|20/100
|-damage|p2a: RAGE CANDYBAR|3/100|[from] ability: Iron Barbs|[of] p1a: Ferrothorn
|-damage|p2a: RAGE CANDYBAR|0 fnt|[from] item: Rocky Helmet|[of] p1a: Ferrothorn
|faint|p2a: RAGE CANDYBAR
|
|-weather|RainDance|[upkeep]
|upkeep
|
|t:|1641726982
|switch|p2a: BYAKKO|Zapdos, shiny|6/100
|-damage|p2a: BYAKKO|0 fnt|[from] Stealth Rock
|faint|p2a: BYAKKO
|
|win|talah☭
|c|☆talah☭|gg
|c|☆PYUKUMUKU GURU|gg
