|inactive|Battle timer is ON: inactive players will automatically lose when time's up.
|t:|1663524789
|gametype|singles
|player|p1|HikozaruGG|170|
|player|p2|Lily|serena|
|teamsize|p1|6
|teamsize|p2|6
|gen|8
|tier|[Gen 8] OU
|rule|Sleep Clause Mod: Limit one foe put to sleep
|rule|Species Clause: Limit one of each Pokémon
|rule|OHKO Clause: OHKO moves are banned
|rule|Evasion Items Clause: Evasion items are banned
|rule|Evasion Moves Clause: Evasion moves are banned
|rule|Endless Battle Clause: Forcing endless battles is banned
|rule|HP Percentage Mod: HP is shown in percentages
|rule|Dynamax Clause: You cannot dynamax
|clearpoke
|poke|p1|Dragapult, M|
|poke|p1|Nihilego|
|poke|p1|Landorus-Therian, M|
|poke|p1|Melmetal|
|poke|p1|Magnezone|
|poke|p1|Kartana|
|poke|p2|Rhyperior, F|
|poke|p2|Dragonite, M|
|poke|p2|Ferrothorn, F|
|poke|p2|Tapu Koko|
|poke|p2|Clefable, M|
|poke|p2|Slowbro, M|
|teampreview
|inactive|HikozaruGG also wants the timer to be on.
|c|☆Lily|hf
|c|☆HikozaruGG|hf
|
|t:|1663524814
|start
|switch|p1a: Melmetal|Melmetal|100/100
|switch|p2a: Slowbro|Slowbro, M|100/100
|turn|1
|
|t:|1663524823
|switch|p1a: Dragapult|Dragapult, M|100/100
|move|p2a: Slowbro|Future Sight|p1a: Dragapult
|-start|p2a: Slowbro|move: Future Sight
|
|upkeep
|turn|2
|
|t:|1663524828
|switch|p2a: Clefable|Clefable, M|100/100
|move|p1a: Dragapult|Shadow Ball|p2a: Clefable
|-damage|p2a: Clefable|56/100
|
|-heal|p2a: Clefable|62/100|[from] item: Leftovers
|upkeep
|turn|3
|
|t:|1663524836
|switch|p1a: Melmetal|Melmetal|100/100
|move|p2a: Clefable|Stealth Rock|p1a: Melmetal
|-sidestart|p1: HikozaruGG|move: Stealth Rock
|
|-end|p1a: Melmetal|move: Future Sight
|-resisted|p1a: Melmetal
|-damage|p1a: Melmetal|80/100
|-heal|p2a: Clefable|68/100|[from] item: Leftovers
|upkeep
|turn|4
|
|t:|1663524843
|switch|p2a: Ferrothorn|Ferrothorn, F|100/100
|move|p1a: Melmetal|Double Iron Bash|p2a: Ferrothorn
|-resisted|p2a: Ferrothorn
|-damage|p2a: Ferrothorn|82/100
|-damage|p1a: Melmetal|67/100|[from] ability: Iron Barbs|[of] p2a: Ferrothorn
|-damage|p1a: Melmetal|51/100|[from] item: Rocky Helmet|[of] p2a: Ferrothorn
|-resisted|p2a: Ferrothorn
|-damage|p2a: Ferrothorn|61/100
|-damage|p1a: Melmetal|38/100|[from] ability: Iron Barbs|[of] p2a: Ferrothorn
|-damage|p1a: Melmetal|22/100|[from] item: Rocky Helmet|[of] p2a: Ferrothorn
|-hitcount|p2a: Ferrothorn|2
|
|upkeep
|turn|5
|
|t:|1663524853
|switch|p2a: Slowbro|Slowbro, M|100/100
|move|p1a: Melmetal|Double Iron Bash|p2a: Slowbro
|-resisted|p2a: Slowbro
|-damage|p2a: Slowbro|82/100
|-resisted|p2a: Slowbro
|-damage|p2a: Slowbro|61/100
|-hitcount|p2a: Slowbro|2
|
|upkeep
|turn|6
|
|t:|1663524858
|move|p1a: Melmetal|Double Iron Bash|p2a: Slowbro
|-resisted|p2a: Slowbro
|-damage|p2a: Slowbro|42/100
|-resisted|p2a: Slowbro
|-damage|p2a: Slowbro|22/100
|-hitcount|p2a: Slowbro|2
|move|p2a: Slowbro|Teleport|p2a: Slowbro
|
|t:|1663524867
|switch|p2a: Dragonite|Dragonite, M|100/100|[from]move: Teleport
|
|upkeep
|turn|7
|
|t:|1663524880
|move|p2a: Dragonite|Flamethrower|p1a: Melmetal
|-supereffective|p1a: Melmetal
|-damage|p1a: Melmetal|0 fnt
|faint|p1a: Melmetal
|
|upkeep
|
|t:|1663524891
|switch|p1a: Landorus|Landorus-Therian, M|100/100
|-damage|p1a: Landorus|88/100|[from] Stealth Rock
|-ability|p1a: Landorus|Intimidate|boost
|-unboost|p2a: Dragonite|atk|1
|turn|8
|
|t:|1663524901
|switch|p2a: Slowbro|Slowbro, M|56/100
|move|p1a: Landorus|Knock Off|p2a: Slowbro
|-supereffective|p2a: Slowbro
|-enditem|p2a: Slowbro|Colbur Berry|[eat]
|-enditem|p2a: Slowbro|Colbur Berry|[weaken]
|-damage|p2a: Slowbro|35/100
|
|upkeep
|turn|9
|
|t:|1663524908
|move|p1a: Landorus|Earthquake|p2a: Slowbro
|-damage|p2a: Slowbro|0 fnt
|faint|p2a: Slowbro
|
|upkeep
|
|t:|1663524914
|switch|p2a: Ferrothorn|Ferrothorn, F|61/100
|turn|10
|
|t:|1663524921
|move|p1a: Landorus|Earthquake|p2a: Ferrothorn
|-damage|p2a: Ferrothorn|22/100
|move|p2a: Ferrothorn|Leech Seed|p1a: Landorus|[miss]
|-miss|p2a: Ferrothorn|p1a: Landorus
|
|upkeep
|turn|11
|
|t:|1663524927
|switch|p2a: Dragonite|Dragonite, M|100/100
|move|p1a: Landorus|Earthquake|p2a: Dragonite
|-immune|p2a: Dragonite
|
|upkeep
|turn|12
|
|t:|1663524931
|move|p1a: Landorus|Knock Off|p2a: Dragonite
|-damage|p2a: Dragonite|87/100
|-enditem|p2a: Dragonite|Heavy-Duty Boots|[from] move: Knock Off|[of] p1a: Landorus
|move|p2a: Dragonite|Flamethrower|p1a: Landorus
|-damage|p1a: Landorus|60/100
|
|upkeep
|turn|13
|
|t:|1663524936
|move|p1a: Landorus|Defog|p2a: Dragonite
|-unboost|p2a: Dragonite|evasion|1
|-sideend|p1: HikozaruGG|Stealth Rock|[from] move: Defog|[of] p1a: Landorus
|move|p2a: Dragonite|Roost|p2a: Dragonite
|-heal|p2a: Dragonite|100/100
|-singleturn|p2a: Dragonite|move: Roost
|
|upkeep
|turn|14
|
|t:|1663524942
|move|p1a: Landorus|U-turn|p2a: Dragonite
|-resisted|p2a: Dragonite
|-damage|p2a: Dragonite|96/100
|
|t:|1663524945
|switch|p1a: Dragapult|Dragapult, M|100/100|[from]move: U-turn
|move|p2a: Dragonite|Earthquake|p1a: Dragapult
|-damage|p1a: Dragapult|61/100
|
|upkeep
|turn|15
|
|t:|1663524959
|move|p1a: Dragapult|Shadow Ball|p2a: Dragonite
|-crit|p2a: Dragonite
|-damage|p2a: Dragonite|25/100
|move|p2a: Dragonite|Roost|p2a: Dragonite
|-heal|p2a: Dragonite|75/100
|-singleturn|p2a: Dragonite|move: Roost
|
|upkeep
|turn|16
|
|t:|1663524964
|move|p1a: Dragapult|Shadow Ball|p2a: Dragonite
|-damage|p2a: Dragonite|31/100
|move|p2a: Dragonite|Roost|p2a: Dragonite
|-heal|p2a: Dragonite|81/100
|-singleturn|p2a: Dragonite|move: Roost
|
|upkeep
|turn|17
|
|t:|1663524968
|move|p1a: Dragapult|Shadow Ball|p2a: Dragonite
|-damage|p2a: Dragonite|33/100
|-unboost|p2a: Dragonite|spd|1
|move|p2a: Dragonite|Roost|p2a: Dragonite
|-heal|p2a: Dragonite|83/100
|-singleturn|p2a: Dragonite|move: Roost
|
|upkeep
|turn|18
|
|t:|1663524971
|switch|p2a: Ferrothorn|Ferrothorn, F|22/100
|move|p1a: Dragapult|Shadow Ball|p2a: Ferrothorn
|-damage|p2a: Ferrothorn|0 fnt
|faint|p2a: Ferrothorn
|
|upkeep
|
|t:|1663524974
|switch|p2a: Tapu Koko|Tapu Koko|100/100
|-fieldstart|move: Electric Terrain|[from] ability: Electric Surge|[of] p2a: Tapu Koko
|turn|19
|
|t:|1663524980
|switch|p1a: Nihilego|Nihilego|100/100
|move|p2a: Tapu Koko|Dazzling Gleam|p1a: Nihilego
|-resisted|p1a: Nihilego
|-damage|p1a: Nihilego|87/100
|
|upkeep
|turn|20
|
|t:|1663524996
|move|p2a: Tapu Koko|Volt Switch|p1a: Nihilego
|-damage|p1a: Nihilego|58/100
|
|t:|1663524997
|switch|p2a: Rhyperior|Rhyperior, F|100/100|[from]move: Volt Switch
|move|p1a: Nihilego|Stealth Rock|p2a: Rhyperior
|-sidestart|p2: Lily|move: Stealth Rock
|
|upkeep
|turn|21
|
|t:|1663525006
|switch|p1a: Magnezone|Magnezone|100/100
|-item|p1a: Magnezone|Air Balloon
|move|p2a: Rhyperior|Stone Edge|p1a: Magnezone
|-resisted|p1a: Magnezone
|-crit|p1a: Magnezone
|-damage|p1a: Magnezone|73/100
|-enditem|p1a: Magnezone|Air Balloon
|
|upkeep
|turn|22
|
|t:|1663525011
|move|p1a: Magnezone|Body Press|p2a: Rhyperior
|-supereffective|p2a: Rhyperior
|-damage|p2a: Rhyperior|73/100
|move|p2a: Rhyperior|Earthquake|p1a: Magnezone
|-supereffective|p1a: Magnezone
|-crit|p1a: Magnezone
|-damage|p1a: Magnezone|0 fnt
|faint|p1a: Magnezone
|
|-heal|p2a: Rhyperior|79/100|[from] item: Leftovers
|upkeep
|
|t:|1663525019
|switch|p1a: Landorus|Landorus-Therian, M|60/100
|-ability|p1a: Landorus|Intimidate|boost
|-unboost|p2a: Rhyperior|atk|1
|turn|23
|
|t:|1663525025
|switch|p2a: Dragonite|Dragonite, M|83/100
|-damage|p2a: Dragonite|58/100|[from] Stealth Rock
|move|p1a: Landorus|Earthquake|p2a: Dragonite
|-immune|p2a: Dragonite
|
|-fieldend|move: Electric Terrain
|upkeep
|turn|24
|
|t:|1663525029
|move|p1a: Landorus|U-turn|p2a: Dragonite
|-resisted|p2a: Dragonite
|-damage|p2a: Dragonite|48/100
|
|t:|1663525032
|switch|p1a: Dragapult|Dragapult, M|61/100|[from]move: U-turn
|move|p2a: Dragonite|Roost|p2a: Dragonite
|-heal|p2a: Dragonite|98/100
|-singleturn|p2a: Dragonite|move: Roost
|
|upkeep
|turn|25
|
|t:|1663525037
|switch|p2a: Tapu Koko|Tapu Koko|100/100
|-fieldstart|move: Electric Terrain|[from] ability: Electric Surge|[of] p2a: Tapu Koko
|move|p1a: Dragapult|Shadow Ball|p2a: Tapu Koko
|-damage|p2a: Tapu Koko|16/100
|
|upkeep
|turn|26
|
|t:|1663525058
|switch|p1a: Nihilego|Nihilego|58/100
|move|p2a: Tapu Koko|Volt Switch|p1a: Nihilego
|-damage|p1a: Nihilego|32/100
|
|t:|1663525062
|switch|p2a: Rhyperior|Rhyperior, F|79/100|[from]move: Volt Switch
|-damage|p2a: Rhyperior|73/100|[from] Stealth Rock
|
|-heal|p2a: Rhyperior|79/100|[from] item: Leftovers
|upkeep
|turn|27
|
|t:|1663525087
|move|p1a: Nihilego|Grass Knot|p2a: Rhyperior
|-supereffective|p2a: Rhyperior
|-damage|p2a: Rhyperior|0 fnt
|faint|p2a: Rhyperior
|-ability|p1a: Nihilego|Beast Boost|boost
|-boost|p1a: Nihilego|spe|1
|
|upkeep
|
|t:|1663525092
|switch|p2a: Clefable|Clefable, M|68/100
|turn|28
|
|t:|1663525098
|move|p1a: Nihilego|Meteor Beam||[still]
|-prepare|p1a: Nihilego|Meteor Beam
|-boost|p1a: Nihilego|spa|1
|-enditem|p1a: Nihilego|Power Herb
|-anim|p1a: Nihilego|Meteor Beam|p2a: Clefable|[miss]
|-miss|p1a: Nihilego|p2a: Clefable
|move|p2a: Clefable|Soft-Boiled|p2a: Clefable
|-heal|p2a: Clefable|100/100
|
|upkeep
|turn|29
|
|t:|1663525103
|move|p1a: Nihilego|Power Gem|p2a: Clefable
|-damage|p2a: Clefable|50/100
|move|p2a: Clefable|Calm Mind|p2a: Clefable
|-boost|p2a: Clefable|spa|1
|-boost|p2a: Clefable|spd|1
|
|-heal|p2a: Clefable|56/100|[from] item: Leftovers
|-fieldend|move: Electric Terrain
|upkeep
|turn|30
|
|t:|1663525107
|move|p1a: Nihilego|Power Gem|p2a: Clefable
|-damage|p2a: Clefable|23/100
|move|p2a: Clefable|Soft-Boiled|p2a: Clefable
|-heal|p2a: Clefable|73/100
|
|-heal|p2a: Clefable|79/100|[from] item: Leftovers
|upkeep
|turn|31
|
|t:|1663525115
|switch|p1a: Landorus|Landorus-Therian, M|60/100
|-ability|p1a: Landorus|Intimidate|boost
|-unboost|p2a: Clefable|atk|1
|move|p2a: Clefable|Calm Mind|p2a: Clefable
|-boost|p2a: Clefable|spa|1
|-boost|p2a: Clefable|spd|1
|
|-heal|p2a: Clefable|86/100|[from] item: Leftovers
|upkeep
|turn|32
|
|t:|1663525120
|move|p1a: Landorus|Earthquake|p2a: Clefable
|-damage|p2a: Clefable|22/100
|move|p2a: Clefable|Soft-Boiled|p2a: Clefable
|-heal|p2a: Clefable|72/100
|
|-heal|p2a: Clefable|78/100|[from] item: Leftovers
|upkeep
|turn|33
|
|t:|1663525130
|move|p1a: Landorus|Earthquake|p2a: Clefable
|-damage|p2a: Clefable|20/100
|move|p2a: Clefable|Moonblast|p1a: Landorus
|-damage|p1a: Landorus|0 fnt
|faint|p1a: Landorus
|
|-heal|p2a: Clefable|26/100|[from] item: Leftovers
|upkeep
|
|t:|1663525133
|switch|p1a: Kartana|Kartana|100/100
|turn|34
|
|t:|1663525140
|switch|p2a: Dragonite|Dragonite, M|98/100
|-damage|p2a: Dragonite|74/100|[from] Stealth Rock
|move|p1a: Kartana|Smart Strike|p2a: Dragonite
|-damage|p2a: Dragonite|39/100
|
|upkeep
|turn|35
|
|t:|1663525144
|switch|p1a: Dragapult|Dragapult, M|61/100
|move|p2a: Dragonite|Roost|p2a: Dragonite
|-heal|p2a: Dragonite|89/100
|-singleturn|p2a: Dragonite|move: Roost
|
|upkeep
|turn|36
|
|t:|1663525149
|switch|p2a: Clefable|Clefable, M|26/100
|move|p1a: Dragapult|Shadow Ball|p2a: Clefable
|-damage|p2a: Clefable|0 fnt
|faint|p2a: Clefable
|
|upkeep
|
|t:|1663525150
|switch|p2a: Tapu Koko|Tapu Koko|16/100
|-fieldstart|move: Electric Terrain|[from] ability: Electric Surge|[of] p2a: Tapu Koko
|turn|37
|
|t:|1663525162
|switch|p1a: Nihilego|Nihilego|32/100
|move|p2a: Tapu Koko|Dazzling Gleam|p1a: Nihilego
|-resisted|p1a: Nihilego
|-damage|p1a: Nihilego|21/100
|
|upkeep
|turn|38
|
|t:|1663525167
|move|p2a: Tapu Koko|Volt Switch|p1a: Nihilego
|-damage|p1a: Nihilego|0 fnt
|faint|p1a: Nihilego
|
|t:|1663525168
|switch|p2a: Dragonite|Dragonite, M|89/100|[from]move: Volt Switch
|-damage|p2a: Dragonite|64/100|[from] Stealth Rock
|
|upkeep
|
|t:|1663525176
|switch|p1a: Dragapult|Dragapult, M|61/100
|turn|39
|
|t:|1663525183
|move|p1a: Dragapult|Shadow Ball|p2a: Dragonite
|-damage|p2a: Dragonite|19/100
|move|p2a: Dragonite|Roost|p2a: Dragonite
|-heal|p2a: Dragonite|69/100
|-singleturn|p2a: Dragonite|move: Roost
|
|upkeep
|turn|40
|
|t:|1663525185
|move|p1a: Dragapult|Shadow Ball|p2a: Dragonite
|-damage|p2a: Dragonite|20/100
|move|p2a: Dragonite|Roost|p2a: Dragonite
|-heal|p2a: Dragonite|70/100
|-singleturn|p2a: Dragonite|move: Roost
|
|upkeep
|turn|41
|
|t:|1663525188
|move|p1a: Dragapult|Shadow Ball|p2a: Dragonite
|-damage|p2a: Dragonite|23/100
|move|p2a: Dragonite|Roost|p2a: Dragonite
|-heal|p2a: Dragonite|73/100
|-singleturn|p2a: Dragonite|move: Roost
|
|-fieldend|move: Electric Terrain
|upkeep
|turn|42
|
|t:|1663525190
|move|p1a: Dragapult|Shadow Ball|p2a: Dragonite
|-damage|p2a: Dragonite|26/100
|move|p2a: Dragonite|Roost|p2a: Dragonite
|-heal|p2a: Dragonite|76/100
|-singleturn|p2a: Dragonite|move: Roost
|
|upkeep
|turn|43
|
|t:|1663525193
|move|p1a: Dragapult|Shadow Ball|p2a: Dragonite
|-damage|p2a: Dragonite|30/100
|-unboost|p2a: Dragonite|spd|1
|move|p2a: Dragonite|Roost|p2a: Dragonite
|-heal|p2a: Dragonite|80/100
|-singleturn|p2a: Dragonite|move: Roost
|
|upkeep
|turn|44
|
|t:|1663525195
|move|p1a: Dragapult|Shadow Ball|p2a: Dragonite
|-damage|p2a: Dragonite|12/100
|move|p2a: Dragonite|Earthquake|p1a: Dragapult
|-damage|p1a: Dragapult|23/100
|
|upkeep
|turn|45
|c|☆Lily|gg
|
|t:|1663525199
|move|p1a: Dragapult|Shadow Ball|p2a: Dragonite
|-damage|p2a: Dragonite|0 fnt
|faint|p2a: Dragonite
|
|upkeep
|c|☆HikozaruGG|gg
|
|t:|1663525201
|switch|p2a: Tapu Koko|Tapu Koko|16/100
|-fieldstart|move: Electric Terrain|[from] ability: Electric Surge|[of] p2a: Tapu Koko
|turn|46
|
|t:|1663525204
|move|p2a: Tapu Koko|Volt Switch|p1a: Dragapult
|-resisted|p1a: Dragapult
|-damage|p1a: Dragapult|0 fnt
|faint|p1a: Dragapult
|
|upkeep
|
|t:|1663525206
|switch|p1a: Kartana|Kartana|100/100
|turn|47
|
|t:|1663525208
|move|p1a: Kartana|Leaf Blade|p2a: Tapu Koko
|-damage|p2a: Tapu Koko|0 fnt
|faint|p2a: Tapu Koko
|
|win|HikozaruGG
|player|p2|Lily|serena
|player|p2|
