|inactive|Battle timer is ON: inactive players will automatically lose when time's up.
|t:|1667048923
|gametype|singles
|player|p1|Laroxyl|#scl1spartans|
|player|p2|andviet|1|
|teamsize|p1|6
|teamsize|p2|6
|gen|8
|tier|[Gen 8] OU
|rule|Sleep Clause Mod: Limit one foe put to sleep
|rule|Species Clause: Limit one of each Pokémon
|rule|OHKO Clause: OHKO moves are banned
|rule|Evasion Items Clause: Evasion items are banned
|rule|Evasion Moves Clause: Evasion moves are banned
|rule|Endless Battle Clause: Forcing endless battles is banned
|rule|HP Percentage Mod: HP is shown in percentages
|rule|Dynamax Clause: You cannot dynamax
|clearpoke
|poke|p1|Gastrodon, M|
|poke|p1|Blissey, F|
|poke|p1|Slowking-Galar, F|
|poke|p1|Toxapex, M|
|poke|p1|Clefable, M|
|poke|p1|Corviknight, F|
|poke|p2|Zapdos|
|poke|p2|Ferrothorn, M|
|poke|p2|Pelipper, M|
|poke|p2|Bisharp, F|
|poke|p2|Barraskewda, M|
|poke|p2|Seismitoad, M|
|teampreview
|
|t:|1667048938
|start
|switch|p1a: Toxapex|Toxapex, M|100/100
|switch|p2a: Pelipper|Pelipper, M|100/100
|-weather|RainDance|[from] ability: Drizzle|[of] p2a: Pelipper
|turn|1
|
|t:|1667048951
|switch|p2a: Ferrothorn|Ferrothorn, M|100/100
|move|p1a: Toxapex|Toxic Spikes|p2a: Ferrothorn
|-sidestart|p2: andviet|move: Toxic Spikes
|
|-weather|RainDance|[upkeep]
|upkeep
|turn|2
|
|t:|1667048960
|move|p1a: Toxapex|Knock Off|p2a: Ferrothorn
|-damage|p2a: Ferrothorn|90/100
|-damage|p1a: Toxapex|88/100|[from] ability: Iron Barbs|[of] p2a: Ferrothorn
|-enditem|p2a: Ferrothorn|Leftovers|[from] move: Knock Off|[of] p1a: Toxapex
|move|p2a: Ferrothorn|Stealth Rock|p1a: Toxapex
|-sidestart|p1: Laroxyl|move: Stealth Rock
|
|-weather|RainDance|[upkeep]
|upkeep
|turn|3
|
|t:|1667048966
|move|p1a: Toxapex|Toxic Spikes|p2a: Ferrothorn
|-sidestart|p2: andviet|move: Toxic Spikes
|move|p2a: Ferrothorn|Leech Seed|p1a: Toxapex
|-start|p1a: Toxapex|move: Leech Seed
|
|-weather|RainDance|[upkeep]
|-damage|p1a: Toxapex|76/100|[from] Leech Seed|[of] p2a: Ferrothorn
|-heal|p2a: Ferrothorn|99/100|[silent]
|upkeep
|turn|4
|
|t:|1667048973
|switch|p1a: Slowking|Slowking-Galar, F|100/100
|-damage|p1a: Slowking|88/100|[from] Stealth Rock
|switch|p2a: Zapdos|Zapdos|100/100
|
|-weather|RainDance|[upkeep]
|upkeep
|turn|5
|
|t:|1667048982
|switch|p1a: Blissey|Blissey, F|100/100
|move|p2a: Zapdos|Hurricane|p1a: Blissey
|-damage|p1a: Blissey|81/100
|
|-weather|RainDance|[upkeep]
|upkeep
|turn|6
|
|t:|1667048987
|switch|p2a: Bisharp|Bisharp, F|100/100
|move|p1a: Blissey|Stealth Rock|p2a: Bisharp
|-sidestart|p2: andviet|move: Stealth Rock
|
|-weather|RainDance|[upkeep]
|upkeep
|turn|7
|
|t:|1667048998
|switch|p1a: Corviknight|Corviknight, F|100/100
|-damage|p1a: Corviknight|88/100|[from] Stealth Rock
|-ability|p1a: Corviknight|Pressure
|move|p2a: Bisharp|Swords Dance|p2a: Bisharp
|-boost|p2a: Bisharp|atk|2
|
|-weather|RainDance|[upkeep]
|upkeep
|turn|8
|
|t:|1667049002
|move|p2a: Bisharp|Knock Off|p1a: Corviknight
|-damage|p1a: Corviknight|2/100
|-enditem|p1a: Corviknight|Shed Shell|[from] move: Knock Off|[of] p2a: Bisharp
|move|p1a: Corviknight|Body Press|p2a: Bisharp
|-supereffective|p2a: Bisharp
|-crit|p2a: Bisharp
|-damage|p2a: Bisharp|0 fnt
|faint|p2a: Bisharp
|
|-weather|none
|upkeep
|inactive|andviet has 270 seconds left.
|
|t:|1667049059
|switch|p2a: Barraskewda|Barraskewda, M, shiny|100/100
|-status|p2a: Barraskewda|tox
|-damage|p2a: Barraskewda|88/100 tox|[from] Stealth Rock
|turn|9
|
|t:|1667049074
|switch|p1a: Toxapex|Toxapex, M|100/100
|-damage|p1a: Toxapex|88/100|[from] Stealth Rock
|move|p2a: Barraskewda|Close Combat|p1a: Toxapex
|-resisted|p1a: Toxapex
|-crit|p1a: Toxapex
|-damage|p1a: Toxapex|55/100
|-unboost|p2a: Barraskewda|def|1
|-unboost|p2a: Barraskewda|spd|1
|
|-damage|p2a: Barraskewda|82/100 tox|[from] psn
|upkeep
|turn|10
|
|t:|1667049092
|switch|p2a: Ferrothorn|Ferrothorn, M|99/100
|-damage|p2a: Ferrothorn|94/100|[from] Stealth Rock
|switch|p1a: Gastrodon|Gastrodon, M|100/100
|-damage|p1a: Gastrodon|94/100|[from] Stealth Rock
|
|-heal|p1a: Gastrodon|100/100|[from] item: Leftovers
|upkeep
|turn|11
|
|t:|1667049099
|move|p1a: Gastrodon|Protect|p1a: Gastrodon
|-singleturn|p1a: Gastrodon|Protect
|move|p2a: Ferrothorn|Spikes|p1a: Gastrodon
|-sidestart|p1: Laroxyl|Spikes
|
|upkeep
|turn|12
|
|t:|1667049106
|switch|p1a: Slowking|Slowking-Galar, F|100/100
|-damage|p1a: Slowking|88/100|[from] Stealth Rock
|-damage|p1a: Slowking|76/100|[from] Spikes
|move|p2a: Ferrothorn|Spikes|p1a: Slowking
|-sidestart|p1: Laroxyl|Spikes
|
|upkeep
|turn|13
|
|t:|1667049115
|move|p1a: Slowking|Flamethrower|p2a: Ferrothorn
|-supereffective|p2a: Ferrothorn
|-damage|p2a: Ferrothorn|18/100
|move|p2a: Ferrothorn|Spikes|p1a: Slowking
|-sidestart|p1: Laroxyl|Spikes
|
|upkeep
|turn|14
|
|t:|1667049122
|move|p1a: Slowking|Flamethrower|p2a: Ferrothorn
|-supereffective|p2a: Ferrothorn
|-damage|p2a: Ferrothorn|0 fnt
|faint|p2a: Ferrothorn
|
|upkeep
|inactive|andviet has 270 seconds left.
|inactive|andviet has 240 seconds left.
|
|t:|1667049168
|switch|p2a: Pelipper|Pelipper, M|100/100
|-damage|p2a: Pelipper|76/100|[from] Stealth Rock
|-weather|RainDance|[from] ability: Drizzle|[of] p2a: Pelipper
|turn|15
|
|t:|1667049173
|switch|p2a: Seismitoad|Seismitoad, M|100/100
|-status|p2a: Seismitoad|tox
|-damage|p2a: Seismitoad|94/100 tox|[from] Stealth Rock
|move|p1a: Slowking|Future Sight|p2a: Seismitoad
|-start|p1a: Slowking|move: Future Sight
|
|-weather|RainDance|[upkeep]
|-damage|p2a: Seismitoad|88/100 tox|[from] psn
|upkeep
|turn|16
|
|t:|1667049184
|switch|p1a: Blissey|Blissey, F|81/100
|move|p2a: Seismitoad|Earthquake|p1a: Blissey
|-damage|p1a: Blissey|27/100
|-damage|p2a: Seismitoad|78/100 tox|[from] item: Life Orb
|
|-weather|RainDance|[upkeep]
|-damage|p2a: Seismitoad|66/100 tox|[from] psn
|upkeep
|turn|17
|
|t:|1667049197
|switch|p2a: Zapdos|Zapdos|100/100
|move|p1a: Blissey|Soft-Boiled|p1a: Blissey
|-heal|p1a: Blissey|77/100
|
|-weather|RainDance|[upkeep]
|-end|p2a: Zapdos|move: Future Sight
|-damage|p2a: Zapdos|39/100
|upkeep
|turn|18
|
|t:|1667049203
|move|p2a: Zapdos|Roost|p2a: Zapdos
|-heal|p2a: Zapdos|89/100
|-singleturn|p2a: Zapdos|move: Roost
|move|p1a: Blissey|Soft-Boiled|p1a: Blissey
|-heal|p1a: Blissey|100/100
|
|-weather|RainDance|[upkeep]
|upkeep
|turn|19
|
|t:|1667049215
|move|p2a: Zapdos|Discharge|p1a: Blissey
|-damage|p1a: Blissey|87/100
|move|p1a: Blissey|Seismic Toss|p2a: Zapdos
|-damage|p2a: Zapdos|62/100
|
|-weather|RainDance|[upkeep]
|upkeep
|turn|20
|
|t:|1667049222
|move|p2a: Zapdos|Roost|p2a: Zapdos
|-heal|p2a: Zapdos|100/100
|-singleturn|p2a: Zapdos|move: Roost
|move|p1a: Blissey|Seismic Toss|p2a: Zapdos
|-damage|p2a: Zapdos|73/100
|-status|p1a: Blissey|par|[from] ability: Static|[of] p2a: Zapdos
|
|-weather|RainDance|[upkeep]
|upkeep
|turn|21
|inactive|andviet has 270 seconds left.
|
|t:|1667049233
|move|p2a: Zapdos|Hurricane|p1a: Blissey
|-damage|p1a: Blissey|69/100 par
|move|p1a: Blissey|Soft-Boiled|p1a: Blissey
|-heal|p1a: Blissey|100/100 par
|
|-weather|RainDance|[upkeep]
|upkeep
|turn|22
|
|t:|1667049239
|move|p2a: Zapdos|Roost|p2a: Zapdos
|-heal|p2a: Zapdos|100/100
|-singleturn|p2a: Zapdos|move: Roost
|move|p1a: Blissey|Seismic Toss|p2a: Zapdos
|-damage|p2a: Zapdos|73/100
|
|-weather|none
|upkeep
|turn|23
|
|t:|1667049242
|switch|p2a: Pelipper|Pelipper, M|76/100
|-damage|p2a: Pelipper|51/100|[from] Stealth Rock
|-weather|RainDance|[from] ability: Drizzle|[of] p2a: Pelipper
|cant|p1a: Blissey|par
|
|-weather|RainDance|[upkeep]
|upkeep
|turn|24
|
|t:|1667049252
|move|p2a: Pelipper|Roost|p2a: Pelipper
|-heal|p2a: Pelipper|100/100
|-singleturn|p2a: Pelipper|move: Roost
|move|p1a: Blissey|Seismic Toss|p2a: Pelipper
|-damage|p2a: Pelipper|70/100
|
|-weather|RainDance|[upkeep]
|upkeep
|turn|25
|
|t:|1667049264
|switch|p2a: Zapdos|Zapdos|73/100
|cant|p1a: Blissey|par
|
|-weather|RainDance|[upkeep]
|upkeep
|turn|26
|
|t:|1667049270
|move|p2a: Zapdos|Hurricane|p1a: Blissey
|-damage|p1a: Blissey|84/100 par
|-start|p1a: Blissey|confusion
|-activate|p1a: Blissey|confusion
|-damage|p1a: Blissey|83/100 par|[from] confusion
|
|-weather|RainDance|[upkeep]
|upkeep
|turn|27
|
|t:|1667049278
|switch|p2a: Seismitoad|Seismitoad, M|66/100 tox
|-damage|p2a: Seismitoad|59/100 tox|[from] Stealth Rock
|-activate|p1a: Blissey|confusion
|move|p1a: Blissey|Seismic Toss|p2a: Seismitoad
|-damage|p2a: Seismitoad|31/100 tox
|
|-weather|RainDance|[upkeep]
|-damage|p2a: Seismitoad|25/100 tox|[from] psn
|upkeep
|turn|28
|inactive|Laroxyl has 270 seconds left.
|
|t:|1667049316
|-curestatus|p1a: Blissey|par|[from] ability: Natural Cure
|switch|p1a: Corviknight|Corviknight, F|2/100
|-damage|p1a: Corviknight|0 fnt|[from] Stealth Rock
|faint|p1a: Corviknight
|move|p2a: Seismitoad|Earthquake|p1: Corviknight|[notarget]
|-fail|p2a: Seismitoad
|
|-weather|RainDance|[upkeep]
|-damage|p2a: Seismitoad|12/100 tox|[from] psn
|upkeep
|
|t:|1667049327
|switch|p1a: Gastrodon|Gastrodon, M|100/100
|-damage|p1a: Gastrodon|94/100|[from] Stealth Rock
|-damage|p1a: Gastrodon|70/100|[from] Spikes
|turn|29
|
|t:|1667049331
|move|p1a: Gastrodon|Protect|p1a: Gastrodon
|-singleturn|p1a: Gastrodon|Protect
|move|p2a: Seismitoad|Power Whip|p1a: Gastrodon
|-activate|p1a: Gastrodon|move: Protect
|
|-weather|RainDance|[upkeep]
|-heal|p1a: Gastrodon|76/100|[from] item: Leftovers
|-damage|p2a: Seismitoad|0 fnt|[from] psn
|faint|p2a: Seismitoad
|upkeep
|
|t:|1667049343
|switch|p2a: Zapdos|Zapdos|73/100
|turn|30
|
|t:|1667049356
|move|p2a: Zapdos|Hurricane|p1a: Gastrodon
|-damage|p1a: Gastrodon|44/100
|move|p1a: Gastrodon|Recover|p1a: Gastrodon
|-heal|p1a: Gastrodon|94/100
|
|-weather|none
|-heal|p1a: Gastrodon|100/100|[from] item: Leftovers
|upkeep
|turn|31
|
|t:|1667049364
|move|p2a: Zapdos|Hurricane|p1a: Gastrodon
|-damage|p1a: Gastrodon|64/100
|-start|p1a: Gastrodon|confusion
|-activate|p1a: Gastrodon|confusion
|-damage|p1a: Gastrodon|56/100|[from] confusion
|
|-heal|p1a: Gastrodon|62/100|[from] item: Leftovers
|upkeep
|turn|32
|
|t:|1667049372
|move|p2a: Zapdos|Hurricane|p1a: Gastrodon|[miss]
|-miss|p2a: Zapdos|p1a: Gastrodon
|-activate|p1a: Gastrodon|confusion
|move|p1a: Gastrodon|Recover|p1a: Gastrodon
|-heal|p1a: Gastrodon|100/100
|
|upkeep
|turn|33
|
|t:|1667049376
|switch|p1a: Blissey|Blissey, F|83/100
|move|p2a: Zapdos|Roost|p2a: Zapdos
|-heal|p2a: Zapdos|100/100
|-singleturn|p2a: Zapdos|move: Roost
|
|upkeep
|turn|34
|
|t:|1667049391
|switch|p2a: Pelipper|Pelipper, M|70/100
|-damage|p2a: Pelipper|45/100|[from] Stealth Rock
|-weather|RainDance|[from] ability: Drizzle|[of] p2a: Pelipper
|move|p1a: Blissey|Seismic Toss|p2a: Pelipper
|-damage|p2a: Pelipper|14/100
|
|-weather|RainDance|[upkeep]
|upkeep
|turn|35
|
|t:|1667049395
|move|p2a: Pelipper|Roost|p2a: Pelipper
|-heal|p2a: Pelipper|64/100
|-singleturn|p2a: Pelipper|move: Roost
|move|p1a: Blissey|Thunder Wave|p2a: Pelipper
|-status|p2a: Pelipper|par
|
|-weather|RainDance|[upkeep]
|upkeep
|turn|36
|
|t:|1667049401
|move|p1a: Blissey|Seismic Toss|p2a: Pelipper
|-damage|p2a: Pelipper|33/100 par
|move|p2a: Pelipper|Roost|p2a: Pelipper
|-heal|p2a: Pelipper|83/100 par
|-singleturn|p2a: Pelipper|move: Roost
|
|-weather|RainDance|[upkeep]
|upkeep
|turn|37
|
|t:|1667049406
|move|p1a: Blissey|Seismic Toss|p2a: Pelipper
|-damage|p2a: Pelipper|52/100 par
|move|p2a: Pelipper|Toxic|p1a: Blissey
|-status|p1a: Blissey|tox
|
|-weather|RainDance|[upkeep]
|-damage|p1a: Blissey|77/100 tox|[from] psn
|upkeep
|turn|38
|
|t:|1667049415
|-curestatus|p1a: Blissey|tox|[from] ability: Natural Cure
|switch|p1a: Slowking|Slowking-Galar, F|100/100
|-damage|p1a: Slowking|88/100|[from] Stealth Rock
|-damage|p1a: Slowking|63/100|[from] Spikes
|move|p2a: Pelipper|Roost|p2a: Pelipper
|-heal|p2a: Pelipper|100/100 par
|-singleturn|p2a: Pelipper|move: Roost
|
|-weather|RainDance|[upkeep]
|upkeep
|turn|39
|
|t:|1667049429
|move|p1a: Slowking|Future Sight|p2a: Pelipper
|-start|p1a: Slowking|move: Future Sight
|move|p2a: Pelipper|Scald|p1a: Slowking
|-damage|p1a: Slowking|43/100
|
|-weather|RainDance|[upkeep]
|upkeep
|turn|40
|
|t:|1667049435
|move|p1a: Slowking|Sludge Bomb|p2a: Pelipper
|-damage|p2a: Pelipper|33/100 par
|move|p2a: Pelipper|Scald|p1a: Slowking
|-damage|p1a: Slowking|21/100
|
|-weather|RainDance|[upkeep]
|upkeep
|turn|41
|
|t:|1667049443
|switch|p2a: Zapdos|Zapdos|100/100
|move|p1a: Slowking|Sludge Bomb|p2a: Zapdos
|-damage|p2a: Zapdos|52/100
|
|-weather|none
|-end|p2a: Zapdos|move: Future Sight
|-damage|p2a: Zapdos|0 fnt
|faint|p2a: Zapdos
|upkeep
|
|t:|1667049459
|switch|p2a: Barraskewda|Barraskewda, M, shiny|82/100 tox
|-damage|p2a: Barraskewda|70/100 tox|[from] Stealth Rock
|turn|42
|
|t:|1667049470
|move|p2a: Barraskewda|Close Combat|p1a: Slowking
|-resisted|p1a: Slowking
|-damage|p1a: Slowking|3/100
|-unboost|p2a: Barraskewda|def|1
|-unboost|p2a: Barraskewda|spd|1
|move|p1a: Slowking|Sludge Bomb|p2a: Barraskewda
|-crit|p2a: Barraskewda
|-damage|p2a: Barraskewda|0 fnt
|faint|p2a: Barraskewda
|
|upkeep
|c|☆andviet|gg
|-message|andviet forfeited.
|
|win|Laroxyl
