|inactive|Battle timer is ON: inactive players will automatically lose when time's up.
|t:|1622307512
|gametype|singles
|player|p1|shawyu 1313|#wcop2021asia|
|player|p2|Valentine|#wcop2021uswest|
|teamsize|p1|6
|teamsize|p2|6
|gen|8
|tier|[Gen 8] OU
|rule|Sleep Clause Mod: Limit one foe put to sleep
|rule|Species Clause: Limit one of each Pokémon
|rule|OHKO Clause: OHKO moves are banned
|rule|Evasion Moves Clause: Evasion moves are banned
|rule|Endless Battle Clause: Forcing endless battles is banned
|rule|HP Percentage Mod: HP is shown in percentages
|rule|Dynamax Clause: You cannot dynamax
|clearpoke
|poke|p1|Bisharp, M|
|poke|p1|Landorus-Therian, M|
|poke|p1|Tapu Koko|
|poke|p1|Ferrothorn, F|
|poke|p1|Dragapult, F|
|poke|p1|Urshifu-*, F|
|poke|p2|Tyranitar, M|
|poke|p2|Hippowdon, M|
|poke|p2|Excadrill, M|
|poke|p2|Tangrowth, M|
|poke|p2|Landorus-Therian, M|
|poke|p2|Tapu Fini|
|teampreview
|c|☆shawyu 1313|hf
|c|+Hockey1|go val!
|raw|<div class="broadcast-red"><strong>Moderated chat was set to ☆!</strong><br />Only users of rank ☆ and higher can talk.</div>
|inactive|shawyu 1313 has 270 seconds left.
|inactive|Valentine has 270 seconds left.
|
|t:|1622307550
|start
|switch|p1a: Urshifu|Urshifu-Rapid-Strike, F|100/100
|switch|p2a: LUNALE|Tapu Fini|100/100
|-fieldstart|move: Misty Terrain|[from] ability: Misty Surge|[of] p2a: LUNALE
|turn|1
|
|t:|1622307556
|switch|p1a: Ferrothorn|Ferrothorn, F|100/100
|move|p2a: LUNALE|Gravity|p2a: LUNALE
|-fieldstart|move: Gravity
|
|upkeep
|turn|2
|
|t:|1622307569
|switch|p2a: SASUKE|Hippowdon, M|100/100
|-weather|Sandstorm|[from] ability: Sand Stream|[of] p2a: SASUKE
|move|p1a: Ferrothorn|Stealth Rock|p2a: SASUKE
|-sidestart|p2: Valentine|move: Stealth Rock
|
|-weather|Sandstorm|[upkeep]
|upkeep
|turn|3
|
|t:|1622307585
|switch|p1a: Urshifu|Urshifu-Rapid-Strike, F|100/100
|move|p2a: SASUKE|Earthquake|p1a: Urshifu
|-damage|p1a: Urshifu|28/100
|
|-weather|Sandstorm|[upkeep]
|-damage|p1a: Urshifu|22/100|[from] Sandstorm
|upkeep
|turn|4
|
|t:|1622307595
|switch|p1a: Dragapult|Dragapult, F|100/100
|switch|p2a: IMA (FAT)|Tangrowth, M|100/100
|-damage|p2a: IMA (FAT)|88/100|[from] Stealth Rock
|
|-weather|Sandstorm|[upkeep]
|-damage|p1a: Dragapult|95/100|[from] Sandstorm
|-damage|p2a: IMA (FAT)|82/100|[from] Sandstorm
|upkeep
|turn|5
|
|t:|1622307608
|switch|p2a: TJAY|Tyranitar, M|100/100
|-damage|p2a: TJAY|88/100|[from] Stealth Rock
|move|p1a: Dragapult|U-turn|p2a: TJAY
|-supereffective|p2a: TJAY
|-damage|p2a: TJAY|60/100
|-enditem|p2a: TJAY|Eject Button
|
|t:|1622307618
|switch|p2a: LUNALE|Tapu Fini|100/100
|-damage|p2a: LUNALE|88/100|[from] Stealth Rock
|
|-weather|Sandstorm|[upkeep]
|-damage|p1a: Dragapult|89/100|[from] Sandstorm
|-damage|p2a: LUNALE|82/100|[from] Sandstorm
|-heal|p2a: LUNALE|88/100|[from] item: Leftovers
|-fieldend|move: Gravity
|-fieldend|Misty Terrain
|upkeep
|turn|6
|
|t:|1622307627
|move|p1a: Dragapult|U-turn|p2a: LUNALE
|-resisted|p2a: LUNALE
|-damage|p2a: LUNALE|82/100
|
|t:|1622307630
|switch|p1a: Tapu Koko|Tapu Koko|100/100|[from]move: U-turn
|-fieldstart|move: Electric Terrain|[from] ability: Electric Surge|[of] p1a: Tapu Koko
|move|p2a: LUNALE|Defog|p1a: Tapu Koko
|-unboost|p1a: Tapu Koko|evasion|1
|-sideend|p2: Valentine|Stealth Rock|[from] move: Defog|[of] p2a: LUNALE
|-fieldend|move: Electric Terrain
|
|-weather|none
|-heal|p2a: LUNALE|88/100|[from] item: Leftovers
|upkeep
|turn|7
|
|t:|1622307656
|switch|p2a: EZ|Landorus-Therian, M|100/100
|-ability|p2a: EZ|Intimidate|boost
|-unboost|p1a: Tapu Koko|atk|1
|move|p1a: Tapu Koko|U-turn|p2a: EZ
|-resisted|p2a: EZ
|-damage|p2a: EZ|94/100
|
|t:|1622307663
|switch|p1a: Urshifu|Urshifu-Rapid-Strike, F|22/100|[from]move: U-turn
|
|upkeep
|turn|8
|
|t:|1622307669
|switch|p1a: Landorus|Landorus-Therian, M|100/100
|-ability|p1a: Landorus|Intimidate|boost
|-unboost|p2a: EZ|atk|1
|move|p2a: EZ|Earthquake|p1a: Landorus
|-immune|p1a: Landorus
|
|upkeep
|turn|9
|
|t:|1622307676
|switch|p2a: LUNALE|Tapu Fini|88/100
|-fieldstart|move: Misty Terrain|[from] ability: Misty Surge|[of] p2a: LUNALE
|move|p1a: Landorus|U-turn|p2a: LUNALE
|-resisted|p2a: LUNALE
|-damage|p2a: LUNALE|79/100
|
|t:|1622307683
|switch|p1a: Tapu Koko|Tapu Koko|100/100|[from]move: U-turn
|-fieldstart|move: Electric Terrain|[from] ability: Electric Surge|[of] p1a: Tapu Koko
|
|-heal|p2a: LUNALE|85/100|[from] item: Leftovers
|upkeep
|turn|10
|
|t:|1622307685
|switch|p2a: EZ|Landorus-Therian, M|94/100
|-ability|p2a: EZ|Intimidate|boost
|-unboost|p1a: Tapu Koko|atk|1
|move|p1a: Tapu Koko|U-turn|p2a: EZ
|-resisted|p2a: EZ
|-damage|p2a: EZ|87/100
|
|t:|1622307690
|switch|p1a: Landorus|Landorus-Therian, M|100/100|[from]move: U-turn
|-ability|p1a: Landorus|Intimidate|boost
|-unboost|p2a: EZ|atk|1
|
|upkeep
|turn|11
|
|t:|1622307693
|move|p2a: EZ|Gravity|p2a: EZ
|-fieldstart|move: Gravity
|move|p1a: Landorus|Knock Off|p2a: EZ
|-damage|p2a: EZ|50/100
|-enditem|p2a: EZ|Choice Scarf|[from] move: Knock Off|[of] p1a: Landorus
|
|upkeep
|turn|12
|inactive|shawyu 1313 has 270 seconds left.
|inactive|Valentine has 270 seconds left.
|inactive|shawyu 1313 has 240 seconds left.
|inactive|shawyu 1313 has 210 seconds left.
|
|t:|1622307805
|move|p2a: EZ|Earthquake|p1a: Landorus
|-damage|p1a: Landorus|75/100
|move|p1a: Landorus|U-turn|p2a: EZ
|-resisted|p2a: EZ
|-damage|p2a: EZ|38/100
|
|t:|1622307812
|switch|p1a: Dragapult|Dragapult, F|89/100|[from]move: U-turn
|
|upkeep
|turn|13
|
|t:|1622307828
|switch|p2a: TJAY|Tyranitar, M|60/100
|-weather|Sandstorm|[from] ability: Sand Stream|[of] p2a: TJAY
|move|p1a: Dragapult|U-turn|p2a: TJAY
|-supereffective|p2a: TJAY
|-damage|p2a: TJAY|33/100
|
|t:|1622307834
|switch|p1a: Landorus|Landorus-Therian, M|75/100|[from]move: U-turn
|-ability|p1a: Landorus|Intimidate|boost
|-unboost|p2a: TJAY|atk|1
|
|-weather|Sandstorm|[upkeep]
|-heal|p1a: Landorus|81/100|[from] item: Leftovers
|-fieldend|move: Electric Terrain
|upkeep
|turn|14
|
|t:|1622307844
|switch|p2a: IMA (FAT)|Tangrowth, M|100/100
|move|p1a: Landorus|U-turn|p2a: IMA (FAT)
|-supereffective|p2a: IMA (FAT)
|-damage|p2a: IMA (FAT)|78/100
|-enditem|p2a: IMA (FAT)|Eject Button
|
|t:|1622307848
|switch|p2a: SASUKE|Hippowdon, M|100/100
|
|-weather|Sandstorm|[upkeep]
|-heal|p1a: Landorus|87/100|[from] item: Leftovers
|upkeep
|turn|15
|inactive|shawyu 1313 has 180 seconds left.
|inactive|Valentine has 270 seconds left.
|inactive|shawyu 1313 has 150 seconds left.
|
|t:|1622307900
|move|p1a: Landorus|Knock Off|p2a: SASUKE
|-damage|p2a: SASUKE|74/100
|-enditem|p2a: SASUKE|Choice Band|[from] move: Knock Off|[of] p1a: Landorus
|move|p2a: SASUKE|Earthquake|p1a: Landorus
|-damage|p1a: Landorus|52/100
|
|-weather|Sandstorm|[upkeep]
|-heal|p1a: Landorus|58/100|[from] item: Leftovers
|-fieldend|move: Gravity
|upkeep
|turn|16
|
|t:|1622307909
|move|p1a: Landorus|U-turn|p2a: SASUKE
|-damage|p2a: SASUKE|57/100
|inactive|shawyu 1313 has 150 seconds left.
|inactive|shawyu 1313 has 120 seconds left.
|
|t:|1622307963
|switch|p1a: Dragapult|Dragapult, F|89/100|[from]move: U-turn
|move|p2a: SASUKE|Ice Fang|p1a: Dragapult
|-supereffective|p1a: Dragapult
|-damage|p1a: Dragapult|29/100
|
|-weather|Sandstorm|[upkeep]
|-damage|p1a: Dragapult|23/100|[from] Sandstorm
|upkeep
|turn|17
|inactive|Valentine has 270 seconds left.
|
|t:|1622308002
|switch|p2a: LUNALE|Tapu Fini|85/100
|-fieldstart|move: Misty Terrain|[from] ability: Misty Surge|[of] p2a: LUNALE
|move|p1a: Dragapult|Draco Meteor|p2a: LUNALE
|-immune|p2a: LUNALE
|
|-weather|none
|-heal|p2a: LUNALE|91/100|[from] item: Leftovers
|upkeep
|turn|18
|
|t:|1622308012
|switch|p1a: Tapu Koko|Tapu Koko|100/100
|-fieldstart|move: Electric Terrain|[from] ability: Electric Surge|[of] p1a: Tapu Koko
|move|p2a: LUNALE|Gravity|p2a: LUNALE
|-fieldstart|move: Gravity
|
|-heal|p2a: LUNALE|97/100|[from] item: Leftovers
|upkeep
|turn|19
|inactive|shawyu 1313 has 120 seconds left.
|inactive|Valentine has 270 seconds left.
|
|t:|1622308046
|switch|p2a: TJAY|Tyranitar, M|33/100
|-weather|Sandstorm|[from] ability: Sand Stream|[of] p2a: TJAY
|move|p1a: Tapu Koko|Dazzling Gleam|p2a: TJAY
|-supereffective|p2a: TJAY
|-damage|p2a: TJAY|0 fnt
|faint|p2a: TJAY
|
|-weather|Sandstorm|[upkeep]
|-damage|p1a: Tapu Koko|94/100|[from] Sandstorm
|upkeep
|
|t:|1622308048
|switch|p2a: Z0MBERT|Excadrill, M|100/100
|turn|20
|
|t:|1622308057
|switch|p1a: Ferrothorn|Ferrothorn, F|100/100
|move|p2a: Z0MBERT|Earthquake|p1a: Ferrothorn
|-damage|p1a: Ferrothorn|35/100
|-enditem|p1a: Ferrothorn|Eject Button
|
|t:|1622308062
|switch|p1a: Landorus|Landorus-Therian, M|58/100
|-ability|p1a: Landorus|Intimidate|boost
|-unboost|p2a: Z0MBERT|atk|1
|
|-weather|Sandstorm|[upkeep]
|-heal|p1a: Landorus|64/100|[from] item: Leftovers
|upkeep
|turn|21
|inactive|Valentine has 270 seconds left.
|inactive|Valentine has 240 seconds left.
|
|t:|1622308103
|switch|p2a: EZ|Landorus-Therian, M|38/100
|-ability|p2a: EZ|Intimidate|boost
|-unboost|p1a: Landorus|atk|1
|move|p1a: Landorus|U-turn|p2a: EZ
|-resisted|p2a: EZ
|-damage|p2a: EZ|29/100
|inactive|shawyu 1313 has 120 seconds left.
|
|t:|1622308115
|switch|p1a: Dragapult|Dragapult, F|23/100|[from]move: U-turn
|
|-weather|Sandstorm|[upkeep]
|-damage|p1a: Dragapult|17/100|[from] Sandstorm
|upkeep
|turn|22
|
|t:|1622308121
|switch|p2a: LUNALE|Tapu Fini|97/100
|-fieldstart|move: Misty Terrain|[from] ability: Misty Surge|[of] p2a: LUNALE
|move|p1a: Dragapult|Shadow Ball|p2a: LUNALE
|-damage|p2a: LUNALE|61/100
|
|-weather|Sandstorm|[upkeep]
|-damage|p1a: Dragapult|11/100|[from] Sandstorm
|-damage|p2a: LUNALE|55/100|[from] Sandstorm
|-heal|p2a: LUNALE|61/100|[from] item: Leftovers
|-fieldend|move: Gravity
|upkeep
|turn|23
|inactive|Valentine has 240 seconds left.
|inactive|shawyu 1313 has 120 seconds left.
|
|t:|1622308164
|switch|p1a: Tapu Koko|Tapu Koko|94/100
|-fieldstart|move: Electric Terrain|[from] ability: Electric Surge|[of] p1a: Tapu Koko
|move|p2a: LUNALE|Moonblast|p1a: Tapu Koko
|-damage|p1a: Tapu Koko|44/100
|
|-weather|none
|-heal|p2a: LUNALE|67/100|[from] item: Leftovers
|upkeep
|turn|24
|inactive|shawyu 1313 has 120 seconds left.
|
|t:|1622308175
|switch|p2a: Z0MBERT|Excadrill, M|100/100
|move|p1a: Tapu Koko|U-turn|p2a: Z0MBERT
|-resisted|p2a: Z0MBERT
|-damage|p2a: Z0MBERT|89/100
|inactive|shawyu 1313 has 90 seconds left.
|inactive|shawyu 1313 has 60 seconds left.
|
|t:|1622308242
|switch|p1a: Urshifu|Urshifu-Rapid-Strike, F|22/100|[from]move: U-turn
|
|upkeep
|turn|25
|
|t:|1622308246
|switch|p2a: LUNALE|Tapu Fini|67/100
|-fieldstart|move: Misty Terrain|[from] ability: Misty Surge|[of] p2a: LUNALE
|move|p1a: Urshifu|U-turn|p2a: LUNALE
|-resisted|p2a: LUNALE
|-crit|p2a: LUNALE
|-damage|p2a: LUNALE|45/100
|
|t:|1622308252
|switch|p1a: Tapu Koko|Tapu Koko|44/100|[from]move: U-turn
|-fieldstart|move: Electric Terrain|[from] ability: Electric Surge|[of] p1a: Tapu Koko
|
|-heal|p2a: LUNALE|51/100|[from] item: Leftovers
|upkeep
|turn|26
|
|t:|1622308257
|move|p1a: Tapu Koko|U-turn|p2a: LUNALE
|-resisted|p2a: LUNALE
|-damage|p2a: LUNALE|45/100
|
|t:|1622308259
|switch|p1a: Ferrothorn|Ferrothorn, F|35/100|[from]move: U-turn
|move|p2a: LUNALE|Gravity|p2a: LUNALE
|-fieldstart|move: Gravity
|
|-heal|p2a: LUNALE|51/100|[from] item: Leftovers
|upkeep
|turn|27
|
|t:|1622308276
|switch|p2a: SASUKE|Hippowdon, M|57/100
|-weather|Sandstorm|[from] ability: Sand Stream|[of] p2a: SASUKE
|move|p1a: Ferrothorn|Stealth Rock|p2a: SASUKE
|-sidestart|p2: Valentine|move: Stealth Rock
|
|-weather|Sandstorm|[upkeep]
|upkeep
|turn|28
|inactive|Valentine has 240 seconds left.
|
|t:|1622308317
|move|p2a: SASUKE|Earthquake|p1a: Ferrothorn
|-damage|p1a: Ferrothorn|0 fnt
|faint|p1a: Ferrothorn
|
|-weather|Sandstorm|[upkeep]
|upkeep
|
|t:|1622308326
|switch|p1a: Dragapult|Dragapult, F|11/100
|turn|29
|
|t:|1622308340
|switch|p2a: EZ|Landorus-Therian, M|29/100
|-damage|p2a: EZ|17/100|[from] Stealth Rock
|-ability|p2a: EZ|Intimidate|boost
|-unboost|p1a: Dragapult|atk|1
|move|p1a: Dragapult|Shadow Ball|p2a: EZ
|-damage|p2a: EZ|0 fnt
|faint|p2a: EZ
|
|-weather|Sandstorm|[upkeep]
|-damage|p1a: Dragapult|5/100|[from] Sandstorm
|-fieldend|move: Electric Terrain
|upkeep
|
|t:|1622308344
|switch|p2a: Z0MBERT|Excadrill, M|89/100
|-damage|p2a: Z0MBERT|86/100|[from] Stealth Rock
|turn|30
|
|t:|1622308362
|switch|p1a: Landorus|Landorus-Therian, M|64/100
|-ability|p1a: Landorus|Intimidate|boost
|-unboost|p2a: Z0MBERT|atk|1
|move|p2a: Z0MBERT|Earthquake|p1a: Landorus
|-damage|p1a: Landorus|25/100
|
|-weather|Sandstorm|[upkeep]
|-heal|p1a: Landorus|31/100|[from] item: Leftovers
|-fieldend|move: Gravity
|upkeep
|turn|31
|inactive|Valentine has 210 seconds left.
|
|t:|1622308396
|switch|p2a: IMA (FAT)|Tangrowth, M|100/100
|-damage|p2a: IMA (FAT)|88/100|[from] Stealth Rock
|move|p1a: Landorus|U-turn|p2a: IMA (FAT)
|-supereffective|p2a: IMA (FAT)
|-damage|p2a: IMA (FAT)|65/100
|
|t:|1622308402
|switch|p1a: Dragapult|Dragapult, F|5/100|[from]move: U-turn
|
|-weather|none
|upkeep
|turn|32
|
|t:|1622308409
|switch|p2a: SASUKE|Hippowdon, M|57/100
|-damage|p2a: SASUKE|50/100|[from] Stealth Rock
|-weather|Sandstorm|[from] ability: Sand Stream|[of] p2a: SASUKE
|move|p1a: Dragapult|Shadow Ball|p2a: SASUKE
|-damage|p2a: SASUKE|0 fnt
|faint|p2a: SASUKE
|
|-weather|Sandstorm|[upkeep]
|-damage|p1a: Dragapult|0 fnt|[from] Sandstorm
|faint|p1a: Dragapult
|upkeep
|inactive|Valentine has 210 seconds left.
|inactive|shawyu 1313 has 90 seconds left.
|inactive|Valentine has 180 seconds left.
|inactive|Valentine has 150 seconds left.
|inactive|shawyu 1313 has 60 seconds left.
|
|t:|1622308513
|switch|p1a: Tapu Koko|Tapu Koko|44/100
|switch|p2a: IMA (FAT)|Tangrowth, M|99/100
|-fieldstart|move: Electric Terrain|[from] ability: Electric Surge|[of] p1a: Tapu Koko
|-damage|p2a: IMA (FAT)|86/100|[from] Stealth Rock
|turn|33
|
|t:|1622308536
|move|p1a: Tapu Koko|Roost|p1a: Tapu Koko
|-heal|p1a: Tapu Koko|94/100
|-singleturn|p1a: Tapu Koko|move: Roost
|move|p2a: IMA (FAT)|Earthquake|p1a: Tapu Koko
|-supereffective|p1a: Tapu Koko
|-damage|p1a: Tapu Koko|31/100
|
|-weather|Sandstorm|[upkeep]
|-damage|p1a: Tapu Koko|25/100|[from] Sandstorm
|-damage|p2a: IMA (FAT)|80/100|[from] Sandstorm
|upkeep
|turn|34
|inactive|Valentine has 120 seconds left.
|inactive|shawyu 1313 has 30 seconds left.
|
|t:|1622308563
|move|p1a: Tapu Koko|U-turn|p2a: IMA (FAT)
|-supereffective|p2a: IMA (FAT)
|-damage|p2a: IMA (FAT)|64/100
|inactive|shawyu 1313 has 30 seconds left this turn.
|
|t:|1622308567
|switch|p1a: Bisharp|Bisharp, M|100/100|[from]move: U-turn
|move|p2a: IMA (FAT)|Knock Off|p1a: Bisharp
|-resisted|p1a: Bisharp
|-damage|p1a: Bisharp|87/100
|-enditem|p1a: Bisharp|Black Glasses|[from] move: Knock Off|[of] p2a: IMA (FAT)
|
|-weather|Sandstorm|[upkeep]
|-damage|p2a: IMA (FAT)|58/100|[from] Sandstorm
|upkeep
|turn|35
|inactive|Valentine has 120 seconds left.
|
|t:|1622308575
|switch|p1a: Landorus|Landorus-Therian, M|31/100
|-ability|p1a: Landorus|Intimidate|boost
|-unboost|p2a: IMA (FAT)|atk|1
|move|p2a: IMA (FAT)|Focus Blast|p1a: Landorus
|-resisted|p1a: Landorus
|-damage|p1a: Landorus|14/100
|
|-weather|Sandstorm|[upkeep]
|-damage|p2a: IMA (FAT)|52/100|[from] Sandstorm
|-heal|p1a: Landorus|20/100|[from] item: Leftovers
|upkeep
|turn|36
|inactive|Valentine has 120 seconds left.
|
|t:|1622308595
|switch|p2a: LUNALE|Tapu Fini|51/100
|-damage|p2a: LUNALE|39/100|[from] Stealth Rock
|-fieldstart|move: Misty Terrain|[from] ability: Misty Surge|[of] p2a: LUNALE
|move|p1a: Landorus|U-turn|p2a: LUNALE
|-resisted|p2a: LUNALE
|-damage|p2a: LUNALE|30/100
|
|t:|1622308605
|switch|p1a: Tapu Koko|Tapu Koko|25/100|[from]move: U-turn
|-fieldstart|move: Electric Terrain|[from] ability: Electric Surge|[of] p1a: Tapu Koko
|
|-weather|none
|-heal|p2a: LUNALE|36/100|[from] item: Leftovers
|upkeep
|turn|37
|inactive|Valentine has 120 seconds left.
|inactive|shawyu 1313 has 30 seconds left.
|inactive|shawyu 1313 has 20 seconds left.
|inactive|Valentine has 90 seconds left.
|
|t:|1622308648
|move|p1a: Tapu Koko|Thunderbolt|p2a: LUNALE
|-supereffective|p2a: LUNALE
|-damage|p2a: LUNALE|0 fnt
|faint|p2a: LUNALE
|
|upkeep
|inactive|shawyu 1313 has 25 seconds left this turn.
|inactive|Valentine has 90 seconds left.
|
|t:|1622308660
|switch|p2a: Z0MBERT|Excadrill, M|86/100
|-damage|p2a: Z0MBERT|82/100|[from] Stealth Rock
|turn|38
|inactive|shawyu 1313 has 30 seconds left.
|inactive|Valentine has 90 seconds left.
|
|t:|1622308669
|move|p1a: Tapu Koko|U-turn|p2a: Z0MBERT
|-resisted|p2a: Z0MBERT
|-damage|p2a: Z0MBERT|71/100
|inactive|shawyu 1313 has 30 seconds left.
|inactive|shawyu 1313 has 20 seconds left.
|
|t:|1622308688
|switch|p1a: Urshifu|Urshifu-Rapid-Strike, F|22/100|[from]move: U-turn
|move|p2a: Z0MBERT|Iron Head|p1a: Urshifu
|-resisted|p1a: Urshifu
|-damage|p1a: Urshifu|0 fnt
|faint|p1a: Urshifu
|
|upkeep
|inactive|shawyu 1313 has 25 seconds left this turn.
|inactive|shawyu 1313 has 20 seconds left.
|
|t:|1622308694
|switch|p1a: Bisharp|Bisharp, M|87/100
|turn|39
|inactive|shawyu 1313 has 30 seconds left this turn.
|inactive|shawyu 1313 has 20 seconds left.
|inactive|Valentine has 90 seconds left.
|inactive|shawyu 1313 has 15 seconds left.
|inactive|Valentine has 60 seconds left.
|
|t:|1622308759
|switch|p2a: IMA (FAT)|Tangrowth, M|85/100
|-damage|p2a: IMA (FAT)|73/100|[from] Stealth Rock
|switch|p1a: Tapu Koko|Tapu Koko|25/100
|
|upkeep
|turn|40
|inactive|shawyu 1313 has 25 seconds left this turn.
|inactive|shawyu 1313 has 20 seconds left.
|
|t:|1622308778
|move|p1a: Tapu Koko|U-turn|p2a: IMA (FAT)
|-supereffective|p2a: IMA (FAT)
|-damage|p2a: IMA (FAT)|56/100
|inactive|shawyu 1313 has 25 seconds left this turn.
|
|t:|1622308781
|switch|p1a: Landorus|Landorus-Therian, M|20/100|[from]move: U-turn
|-ability|p1a: Landorus|Intimidate|boost
|-unboost|p2a: IMA (FAT)|atk|1
|move|p2a: IMA (FAT)|Knock Off|p1a: Landorus
|-damage|p1a: Landorus|10/100
|-enditem|p1a: Landorus|Leftovers|[from] move: Knock Off|[of] p2a: IMA (FAT)
|
|-fieldend|move: Electric Terrain
|upkeep
|turn|41
|inactive|shawyu 1313 has 30 seconds left.
|
|t:|1622308792
|move|p1a: Landorus|U-turn|p2a: IMA (FAT)
|-supereffective|p2a: IMA (FAT)
|-damage|p2a: IMA (FAT)|34/100
|inactive|shawyu 1313 has 30 seconds left.
|
|t:|1622308802
|switch|p1a: Tapu Koko|Tapu Koko|25/100|[from]move: U-turn
|-fieldstart|move: Electric Terrain|[from] ability: Electric Surge|[of] p1a: Tapu Koko
|move|p2a: IMA (FAT)|Sleep Powder|p1a: Tapu Koko|[miss]
|-miss|p2a: IMA (FAT)|p1a: Tapu Koko
|
|upkeep
|turn|42
|inactive|Valentine has 60 seconds left.
|inactive|shawyu 1313 has 30 seconds left.
|
|t:|1622308821
|switch|p2a: Z0MBERT|Excadrill, M|71/100
|-damage|p2a: Z0MBERT|68/100|[from] Stealth Rock
|move|p1a: Tapu Koko|U-turn|p2a: Z0MBERT
|-resisted|p2a: Z0MBERT
|-damage|p2a: Z0MBERT|56/100
|inactive|shawyu 1313 has 30 seconds left this turn.
|
|t:|1622308829
|switch|p1a: Landorus|Landorus-Therian, M|10/100|[from]move: U-turn
|-ability|p1a: Landorus|Intimidate|boost
|-unboost|p2a: Z0MBERT|atk|1
|
|upkeep
|turn|43
|inactive|shawyu 1313 has 30 seconds left.
|
|t:|1622308835
|switch|p1a: Bisharp|Bisharp, M|87/100
|move|p2a: Z0MBERT|Iron Head|p1a: Bisharp
|-resisted|p1a: Bisharp
|-damage|p1a: Bisharp|57/100
|
|upkeep
|turn|44
|inactive|shawyu 1313 has 30 seconds left.
|
|t:|1622308854
|switch|p2a: IMA (FAT)|Tangrowth, M|68/100
|-damage|p2a: IMA (FAT)|55/100|[from] Stealth Rock
|switch|p1a: Tapu Koko|Tapu Koko|25/100
|
|upkeep
|turn|45
|inactive|shawyu 1313 has 30 seconds left.
|inactive|shawyu 1313 has 20 seconds left.
|inactive|Valentine has 60 seconds left.
|
|t:|1622308891
|move|p1a: Tapu Koko|U-turn|p2a: IMA (FAT)
|-supereffective|p2a: IMA (FAT)
|-damage|p2a: IMA (FAT)|37/100
|inactive|shawyu 1313 has 25 seconds left this turn.
|
|t:|1622308895
|switch|p1a: Landorus|Landorus-Therian, M|10/100|[from]move: U-turn
|-ability|p1a: Landorus|Intimidate|boost
|-unboost|p2a: IMA (FAT)|atk|1
|move|p2a: IMA (FAT)|Focus Blast|p1a: Landorus
|-resisted|p1a: Landorus
|-damage|p1a: Landorus|0 fnt
|faint|p1a: Landorus
|
|-fieldend|move: Electric Terrain
|upkeep
|inactive|shawyu 1313 has 30 seconds left this turn.
|
|t:|1622308904
|switch|p1a: Tapu Koko|Tapu Koko|25/100
|-fieldstart|move: Electric Terrain|[from] ability: Electric Surge|[of] p1a: Tapu Koko
|turn|46
|inactive|shawyu 1313 has 30 seconds left.
|inactive|Valentine has 60 seconds left.
|
|t:|1622308913
|switch|p2a: Z0MBERT|Excadrill, M|56/100
|-damage|p2a: Z0MBERT|53/100|[from] Stealth Rock
|move|p1a: Tapu Koko|Dazzling Gleam|p2a: Z0MBERT
|-resisted|p2a: Z0MBERT
|-damage|p2a: Z0MBERT|31/100
|
|upkeep
|turn|47
|inactive|shawyu 1313 has 30 seconds left.
|inactive|shawyu 1313 has 20 seconds left.
|inactive|shawyu 1313 has 15 seconds left.
|inactive|shawyu 1313 has 10 seconds left.
|
|t:|1622308947
|move|p1a: Tapu Koko|U-turn|p2a: Z0MBERT
|-resisted|p2a: Z0MBERT
|-damage|p2a: Z0MBERT|20/100
|inactive|shawyu 1313 has 15 seconds left this turn.
|
|t:|1622308950
|switch|p1a: Bisharp|Bisharp, M|57/100|[from]move: U-turn
|move|p2a: Z0MBERT|Earthquake|p1a: Bisharp
|-supereffective|p1a: Bisharp
|-damage|p1a: Bisharp|0 fnt
|faint|p1a: Bisharp
|
|upkeep
|inactive|shawyu 1313 has 20 seconds left this turn.
|inactive|shawyu 1313 has 15 seconds left.
|
|t:|1622308956
|switch|p1a: Tapu Koko|Tapu Koko|25/100
|turn|48
|inactive|shawyu 1313 has 25 seconds left this turn.
|
|t:|1622308959
|move|p1a: Tapu Koko|Dazzling Gleam|p2a: Z0MBERT
|-resisted|p2a: Z0MBERT
|-damage|p2a: Z0MBERT|0 fnt
|faint|p2a: Z0MBERT
|
|upkeep
|inactive|shawyu 1313 has 30 seconds left this turn.
|
|t:|1622308961
|switch|p2a: IMA (FAT)|Tangrowth, M|70/100
|-damage|p2a: IMA (FAT)|58/100|[from] Stealth Rock
|turn|49
|c|☆shawyu 1313|crit plz
|c|☆Valentine|no crit pls
|inactive|shawyu 1313 has 30 seconds left.
|
|t:|1622308975
|move|p1a: Tapu Koko|Dazzling Gleam|p2a: IMA (FAT)
|-damage|p2a: IMA (FAT)|12/100
|move|p2a: IMA (FAT)|Earthquake|p1a: Tapu Koko
|-supereffective|p1a: Tapu Koko
|-damage|p1a: Tapu Koko|0 fnt
|faint|p1a: Tapu Koko
|
|win|Valentine
|c|☆Valentine|gg
|c|☆shawyu 1313|gg
