|inactive|Battle timer is ON: inactive players will automatically lose when time's up.
|t:|1617480545
|player|p1|Valentine|102|
|player|p2|lolol.y|alder|
|teamsize|p1|6
|teamsize|p2|6
|gametype|singles
|gen|8
|tier|[Gen 8] OU
|clearpoke
|poke|p1|Magnezone|
|poke|p1|Landorus-Therian, M|
|poke|p1|Rillaboom, F|
|poke|p1|Kartana|
|poke|p1|Hawlucha, F|
|poke|p1|Dragapult, M|
|poke|p2|Landorus-Therian, M|
|poke|p2|Volcarona, F|
|poke|p2|Weavile, F|
|poke|p2|Rillaboom, F|
|poke|p2|Dragapult, M|
|poke|p2|Latias, F|
|rule|Sleep Clause Mod: Limit one foe put to sleep
|rule|Species Clause: Limit one of each Pokémon
|rule|OHKO Clause: OHKO moves are banned
|rule|Evasion Moves Clause: Evasion moves are banned
|rule|Endless Battle Clause: Forcing endless battles is banned
|rule|HP Percentage Mod: HP is shown in percentages
|rule|Dynamax Clause: You cannot dynamax
|teampreview
|c|☆lolol.y|hf
|inactive|Valentine has 270 seconds left.
|inactive|lolol.y has 270 seconds left.
|
|t:|1617480606
|start
|switch|p1a: Landorus|Landorus-Therian, M|100/100
|switch|p2a: Landorus|Landorus-Therian, M|100/100
|-ability|p1a: Landorus|Intimidate|boost
|-unboost|p2a: Landorus|atk|1
|-ability|p2a: Landorus|Intimidate|boost
|-unboost|p1a: Landorus|atk|1
|turn|1
|
|t:|1617480616
|move|p1a: Landorus|Stealth Rock|p2a: Landorus
|-sidestart|p2: lolol.y|move: Stealth Rock
|move|p2a: Landorus|Stealth Rock|p1a: Landorus
|-sidestart|p1: Valentine|move: Stealth Rock
|
|upkeep
|turn|2
|
|t:|1617480631
|move|p2a: Landorus|Imprison|p2a: Landorus
|-start|p2a: Landorus|move: Imprison
|move|p1a: Landorus|Stone Edge|p2a: Landorus
|-damage|p2a: Landorus|69/100
|
|upkeep
|turn|3
|
|t:|1617480657
|move|p1a: Landorus|Stone Edge|p2a: Landorus
|-damage|p2a: Landorus|40/100
|move|p2a: Landorus|Explosion|p1a: Landorus
|-crit|p1a: Landorus
|-enditem|p1a: Landorus|Focus Sash
|-damage|p1a: Landorus|1/100
|faint|p2a: Landorus
|
|upkeep
|inactive|lolol.y has 270 seconds left.
|
|t:|1617480703
|switch|p2a: Volcarona|Volcarona, F|100/100
|turn|4
|
|t:|1617480713
|move|p2a: Volcarona|Flamethrower|p1a: Landorus
|-damage|p1a: Landorus|0 fnt
|faint|p1a: Landorus
|
|upkeep
|inactive|Valentine has 270 seconds left.
|
|t:|1617480760
|switch|p1a: Kartana|Kartana|100/100
|-damage|p1a: Kartana|94/100|[from] Stealth Rock
|turn|5
|inactive|lolol.y has 240 seconds left.
|
|t:|1617480804
|switch|p2a: Rillaboom|Rillaboom, F|100/100
|-damage|p2a: Rillaboom|88/100|[from] Stealth Rock
|-fieldstart|move: Grassy Terrain|[from] ability: Grassy Surge|[of] p2a: Rillaboom
|move|p1a: Kartana|Knock Off|p2a: Rillaboom
|-damage|p2a: Rillaboom|22/100
|-enditem|p2a: Rillaboom|Life Orb|[from] move: Knock Off|[of] p1a: Kartana
|
|-heal|p1a: Kartana|100/100|[from] Grassy Terrain
|-heal|p2a: Rillaboom|28/100|[from] Grassy Terrain
|upkeep
|turn|6
|
|t:|1617480823
|move|p2a: Rillaboom|Grassy Glide|p1a: Kartana
|-resisted|p1a: Kartana
|-damage|p1a: Kartana|87/100
|move|p1a: Kartana|Knock Off|p2a: Rillaboom
|-damage|p2a: Rillaboom|0 fnt
|faint|p2a: Rillaboom
|-ability|p1a: Kartana|Beast Boost|boost
|-boost|p1a: Kartana|atk|1
|
|-heal|p1a: Kartana|94/100|[from] Grassy Terrain
|upkeep
|inactive|lolol.y has 210 seconds left.
|inactive|lolol.y has 180 seconds left.
|
|t:|1617480882
|switch|p2a: Dragapult|Dragapult, M|100/100
|-damage|p2a: Dragapult|88/100|[from] Stealth Rock
|turn|7
|inactive|lolol.y has 180 seconds left.
|inactive|Valentine has 240 seconds left.
|
|t:|1617480942
|switch|p1a: Magnezone|Magnezone|100/100
|-damage|p1a: Magnezone|94/100|[from] Stealth Rock
|move|p2a: Dragapult|Fire Blast|p1a: Magnezone
|-supereffective|p1a: Magnezone
|-damage|p1a: Magnezone|27/100
|
|-heal|p2a: Dragapult|94/100|[from] Grassy Terrain
|-heal|p1a: Magnezone|33/100|[from] Grassy Terrain
|upkeep
|turn|8
|inactive|lolol.y has 180 seconds left.
|inactive|Valentine has 210 seconds left.
|
|t:|1617480966
|move|p2a: Dragapult|Dragon Dance|p2a: Dragapult
|-boost|p2a: Dragapult|atk|1
|-boost|p2a: Dragapult|spe|1
|move|p1a: Magnezone|Steel Beam|p2a: Dragapult
|-damage|p2a: Dragapult|0 fnt
|-damage|p1a: Magnezone|0 fnt|[from] mindblown
|faint|p1a: Magnezone
|faint|p2a: Dragapult
|
|upkeep
|inactive|Valentine has 210 seconds left.
|inactive|lolol.y has 150 seconds left.
|inactive|Valentine has 180 seconds left.
|
|t:|1617481002
|switch|p2a: Latias|Latias, F|100/100
|switch|p1a: Dragapult|Dragapult, M|100/100
|-damage|p1a: Dragapult|88/100|[from] Stealth Rock
|-damage|p2a: Latias|88/100|[from] Stealth Rock
|-enditem|p2a: Latias|Grassy Seed
|-boost|p2a: Latias|def|1|[from] item: Grassy Seed
|turn|9
|inactive|lolol.y has 150 seconds left.
|inactive|lolol.y has 120 seconds left.
|inactive|lolol.y has 90 seconds left.
|
|t:|1617481075
|move|p1a: Dragapult|Shadow Ball|p2a: Latias
|-supereffective|p2a: Latias
|-damage|p2a: Latias|12/100
|move|p2a: Latias|Calm Mind|p2a: Latias
|-boost|p2a: Latias|spa|1
|-boost|p2a: Latias|spd|1
|
|-heal|p1a: Dragapult|94/100|[from] Grassy Terrain
|-fieldend|move: Grassy Terrain
|upkeep
|turn|10
|
|t:|1617481090
|move|p1a: Dragapult|Shadow Ball|p2a: Latias
|-supereffective|p2a: Latias
|-damage|p2a: Latias|0 fnt
|faint|p2a: Latias
|
|upkeep
|inactive|lolol.y has 90 seconds left.
|inactive|lolol.y has 60 seconds left.
|
|t:|1617481131
|switch|p2a: Volcarona|Volcarona, F|100/100
|turn|11
|
|t:|1617481137
|switch|p1a: Rillaboom|Rillaboom, F|100/100
|-damage|p1a: Rillaboom|88/100|[from] Stealth Rock
|-fieldstart|move: Grassy Terrain|[from] ability: Grassy Surge|[of] p1a: Rillaboom
|move|p2a: Volcarona|Quiver Dance|p2a: Volcarona
|-boost|p2a: Volcarona|spa|1
|-boost|p2a: Volcarona|spd|1
|-boost|p2a: Volcarona|spe|1
|
|-heal|p1a: Rillaboom|94/100|[from] Grassy Terrain
|upkeep
|turn|12
|
|t:|1617481147
|move|p2a: Volcarona|Quiver Dance|p2a: Volcarona
|-boost|p2a: Volcarona|spa|1
|-boost|p2a: Volcarona|spd|1
|-boost|p2a: Volcarona|spe|1
|move|p1a: Rillaboom|U-turn|p2a: Volcarona
|-resisted|p2a: Volcarona
|-damage|p2a: Volcarona|75/100
|-status|p1a: Rillaboom|brn|[from] ability: Flame Body|[of] p2a: Volcarona
|-damage|p1a: Rillaboom|84/100 brn|[from] item: Life Orb
|
|t:|1617481150
|switch|p1a: Hawlucha|Hawlucha, F|100/100|[from]move: U-turn
|-damage|p1a: Hawlucha|88/100|[from] Stealth Rock
|-enditem|p1a: Hawlucha|Grassy Seed
|-boost|p1a: Hawlucha|def|1|[from] item: Grassy Seed
|
|-heal|p2a: Volcarona|81/100|[from] Grassy Terrain
|upkeep
|turn|13
|
|t:|1617481160
|move|p1a: Hawlucha|Acrobatics|p2a: Volcarona
|-supereffective|p2a: Volcarona
|-damage|p2a: Volcarona|0 fnt
|faint|p2a: Volcarona
|
|upkeep
|
|t:|1617481164
|switch|p2a: Weavile|Weavile, F|100/100
|-damage|p2a: Weavile|76/100|[from] Stealth Rock
|-ability|p2a: Weavile|Pressure
|turn|14
|inactive|lolol.y has 90 seconds left.
|
|t:|1617481169
|move|p2a: Weavile|Ice Shard|p1a: Hawlucha
|-supereffective|p1a: Hawlucha
|-damage|p1a: Hawlucha|29/100
|move|p1a: Hawlucha|Close Combat|p2a: Weavile
|-supereffective|p2a: Weavile
|-damage|p2a: Weavile|0 fnt
|-unboost|p1a: Hawlucha|def|1
|-unboost|p1a: Hawlucha|spd|1
|faint|p2a: Weavile
|
|win|Valentine
|c|☆Valentine|gg
|player|p2|lolol.y|alder
