|inactive|Battle timer is ON: inactive players will automatically lose when time's up.
|t:|1617482276
|player|p1|Valentine|102|
|player|p2|Tomhyoshi|hilbert|
|teamsize|p1|6
|teamsize|p2|6
|gametype|singles
|gen|8
|tier|[Gen 8] OU
|clearpoke
|poke|p1|Slowking, M|
|poke|p1|Clefable, M|
|poke|p1|Dragapult, F|
|poke|p1|Victini|
|poke|p1|Bisharp, F|
|poke|p1|Landorus-Therian, M|
|poke|p2|Glastrier|
|poke|p2|Dragapult, M|
|poke|p2|Swampert, M|
|poke|p2|Kartana|
|poke|p2|Mandibuzz, F|
|poke|p2|Tapu Fini|
|rule|Sleep Clause Mod: Limit one foe put to sleep
|rule|Species Clause: Limit one of each Pokémon
|rule|OHKO Clause: OHKO moves are banned
|rule|Evasion Moves Clause: Evasion moves are banned
|rule|Endless Battle Clause: Forcing endless battles is banned
|rule|HP Percentage Mod: HP is shown in percentages
|rule|Dynamax Clause: You cannot dynamax
|teampreview
|inactive|Valentine has 270 seconds left.
|
|t:|1617482318
|start
|switch|p1a: Landorus|Landorus-Therian, M|100/100
|switch|p2a: Swampert|Swampert, M|100/100
|-ability|p1a: Landorus|Intimidate|boost
|-unboost|p2a: Swampert|atk|1
|turn|1
|
|t:|1617482324
|move|p1a: Landorus|Stealth Rock|p2a: Swampert
|-sidestart|p2: Tomhyoshi|move: Stealth Rock
|move|p2a: Swampert|Stealth Rock|p1a: Landorus
|-sidestart|p1: Valentine|move: Stealth Rock
|
|upkeep
|turn|2
|
|t:|1617482331
|move|p1a: Landorus|Knock Off|p2a: Swampert
|-damage|p2a: Swampert|79/100
|-enditem|p2a: Swampert|Leftovers|[from] move: Knock Off|[of] p1a: Landorus
|move|p2a: Swampert|Ice Beam|p1a: Landorus
|-supereffective|p1a: Landorus
|-damage|p1a: Landorus|18/100
|
|-heal|p1a: Landorus|24/100|[from] item: Leftovers
|upkeep
|turn|3
|
|t:|1617482339
|move|p1a: Landorus|U-turn|p2a: Swampert
|-damage|p2a: Swampert|64/100
|
|t:|1617482341
|switch|p1a: Dragapult|Dragapult, F|100/100|[from]move: U-turn
|-damage|p1a: Dragapult|88/100|[from] Stealth Rock
|move|p2a: Swampert|Flip Turn|p1a: Dragapult
|-resisted|p1a: Dragapult
|-damage|p1a: Dragapult|77/100
|
|t:|1617482359
|switch|p2a: Mandibuzz|Mandibuzz, F|100/100|[from]move: Flip Turn
|
|upkeep
|turn|4
|
|t:|1617482365
|move|p1a: Dragapult|U-turn|p2a: Mandibuzz
|-damage|p2a: Mandibuzz|90/100
|
|t:|1617482367
|switch|p1a: Clefable|Clefable, M|100/100|[from]move: U-turn
|move|p2a: Mandibuzz|U-turn|p1a: Clefable
|-resisted|p1a: Clefable
|-damage|p1a: Clefable|95/100
|
|t:|1617482374
|switch|p2a: Kartana|Kartana|100/100|[from]move: U-turn
|-damage|p2a: Kartana|94/100|[from] Stealth Rock
|
|-heal|p1a: Clefable|100/100|[from] item: Leftovers
|upkeep
|turn|5
|
|t:|1617482381
|switch|p1a: Victini|Victini|100/100
|move|p2a: Kartana|Smart Strike|p1a: Victini
|-resisted|p1a: Victini
|-damage|p1a: Victini|67/100
|
|upkeep
|turn|6
|
|t:|1617482392
|switch|p2a: Swampert|Swampert, M|64/100
|-damage|p2a: Swampert|58/100|[from] Stealth Rock
|move|p1a: Victini|V-create|p2a: Swampert
|-resisted|p2a: Swampert
|-crit|p2a: Swampert
|-damage|p2a: Swampert|18/100
|-unboost|p1a: Victini|spe|1
|-unboost|p1a: Victini|def|1
|-unboost|p1a: Victini|spd|1
|
|upkeep
|turn|7
|
|t:|1617482413
|move|p1a: Victini|U-turn|p2a: Swampert
|-damage|p2a: Swampert|4/100
|
|t:|1617482418
|switch|p1a: Slowking|Slowking, M|100/100|[from]move: U-turn
|move|p2a: Swampert|Flip Turn|p1a: Slowking
|-resisted|p1a: Slowking
|-damage|p1a: Slowking|90/100
|
|t:|1617482425
|switch|p2a: Kartana|Kartana|94/100|[from]move: Flip Turn
|-damage|p2a: Kartana|88/100|[from] Stealth Rock
|
|upkeep
|turn|8
|
|t:|1617482436
|switch|p1a: Landorus|Landorus-Therian, M|24/100
|-damage|p1a: Landorus|11/100|[from] Stealth Rock
|-ability|p1a: Landorus|Intimidate|boost
|-unboost|p2a: Kartana|atk|1
|move|p2a: Kartana|Leaf Blade|p1a: Landorus
|-crit|p1a: Landorus
|-damage|p1a: Landorus|0 fnt
|faint|p1a: Landorus
|-ability|p2a: Kartana|Beast Boost|boost
|-boost|p2a: Kartana|atk|1
|
|upkeep
|
|t:|1617482445
|switch|p1a: Bisharp|Bisharp, F|100/100
|-damage|p1a: Bisharp|95/100|[from] Stealth Rock
|turn|9
|
|t:|1617482460
|move|p2a: Kartana|Leaf Blade|p1a: Bisharp
|-resisted|p1a: Bisharp
|-damage|p1a: Bisharp|39/100
|move|p1a: Bisharp|Knock Off|p2a: Kartana
|-damage|p2a: Kartana|7/100
|-enditem|p2a: Kartana|Choice Band|[from] move: Knock Off|[of] p1a: Bisharp
|
|upkeep
|turn|10
|
|t:|1617482475
|switch|p2a: Swampert|Swampert, M|4/100
|-damage|p2a: Swampert|0 fnt|[from] Stealth Rock
|faint|p2a: Swampert
|switch|p1a: Dragapult|Dragapult, F|77/100
|-damage|p1a: Dragapult|65/100|[from] Stealth Rock
|
|upkeep
|
|t:|1617482497
|switch|p2a: Tapu Fini|Tapu Fini|100/100
|-damage|p2a: Tapu Fini|88/100|[from] Stealth Rock
|-fieldstart|move: Misty Terrain|[from] ability: Misty Surge|[of] p2a: Tapu Fini
|turn|11
|
|t:|1617482505
|move|p2a: Tapu Fini|Moonblast|p1a: Dragapult
|-supereffective|p1a: Dragapult
|-damage|p1a: Dragapult|0 fnt
|faint|p1a: Dragapult
|
|upkeep
|
|t:|1617482517
|switch|p1a: Victini|Victini|67/100
|turn|12
|
|t:|1617482530
|switch|p2a: Kartana|Kartana|7/100
|-damage|p2a: Kartana|1/100|[from] Stealth Rock
|move|p1a: Victini|Bolt Strike|p2a: Kartana
|-resisted|p2a: Kartana
|-damage|p2a: Kartana|0 fnt
|faint|p2a: Kartana
|
|upkeep
|
|t:|1617482538
|switch|p2a: Dragapult|Dragapult, M|100/100
|-damage|p2a: Dragapult|88/100|[from] Stealth Rock
|turn|13
|
|t:|1617482541
|switch|p1a: Clefable|Clefable, M|100/100
|move|p2a: Dragapult|Shadow Ball|p1a: Clefable
|-damage|p1a: Clefable|60/100
|
|-heal|p1a: Clefable|66/100|[from] item: Leftovers
|upkeep
|turn|14
|
|t:|1617482545
|switch|p2a: Tapu Fini|Tapu Fini|88/100
|-damage|p2a: Tapu Fini|76/100|[from] Stealth Rock
|move|p1a: Clefable|Soft-Boiled|p1a: Clefable
|-heal|p1a: Clefable|100/100
|
|upkeep
|turn|15
|
|t:|1617482553
|switch|p1a: Slowking|Slowking, M|100/100
|move|p2a: Tapu Fini|Trick|p1a: Slowking
|-activate|p2a: Tapu Fini|move: Trick|[of] p1a: Slowking
|-item|p1a: Slowking|Choice Scarf|[from] move: Trick
|-item|p2a: Tapu Fini|Heavy-Duty Boots|[from] move: Trick
|
|-fieldend|Misty Terrain
|upkeep
|turn|16
|inactive|Valentine has 270 seconds left.
|
|t:|1617482593
|switch|p2a: Mandibuzz|Mandibuzz, F|90/100
|move|p1a: Slowking|Teleport|p1a: Slowking
|
|t:|1617482600
|switch|p1a: Clefable|Clefable, M|100/100|[from]move: Teleport
|
|upkeep
|turn|17
|
|t:|1617482608
|move|p2a: Mandibuzz|Defog|p1a: Clefable
|-unboost|p1a: Clefable|evasion|1
|-sideend|p1: Valentine|Stealth Rock|[from] move: Defog|[of] p2a: Mandibuzz
|-sideend|p2: Tomhyoshi|Stealth Rock|[from] move: Defog|[of] p2a: Mandibuzz
|move|p1a: Clefable|Moonblast|p2a: Mandibuzz
|-supereffective|p2a: Mandibuzz
|-damage|p2a: Mandibuzz|47/100
|
|upkeep
|turn|18
|
|t:|1617482615
|move|p2a: Mandibuzz|Roost|p2a: Mandibuzz
|-heal|p2a: Mandibuzz|97/100
|-singleturn|p2a: Mandibuzz|move: Roost
|move|p1a: Clefable|Moonblast|p2a: Mandibuzz
|-supereffective|p2a: Mandibuzz
|-damage|p2a: Mandibuzz|53/100
|
|upkeep
|turn|19
|
|t:|1617482619
|move|p2a: Mandibuzz|Roost|p2a: Mandibuzz
|-heal|p2a: Mandibuzz|100/100
|-singleturn|p2a: Mandibuzz|move: Roost
|move|p1a: Clefable|Moonblast|p2a: Mandibuzz
|-supereffective|p2a: Mandibuzz
|-damage|p2a: Mandibuzz|59/100
|
|upkeep
|turn|20
|
|t:|1617482623
|switch|p2a: Glastrier|Glastrier|100/100
|move|p1a: Clefable|Moonblast|p2a: Glastrier
|-damage|p2a: Glastrier|71/100
|
|-heal|p2a: Glastrier|78/100|[from] item: Leftovers
|upkeep
|turn|21
|inactive|Valentine has 270 seconds left.
|
|t:|1617482678
|switch|p1a: Slowking|Slowking, M|100/100
|move|p2a: Glastrier|High Horsepower|p1a: Slowking
|-damage|p1a: Slowking|58/100
|
|-heal|p2a: Glastrier|84/100|[from] item: Leftovers
|upkeep
|turn|22
|
|t:|1617482692
|switch|p2a: Dragapult|Dragapult, M|88/100
|move|p1a: Slowking|Teleport|p1a: Slowking
|
|t:|1617482695
|switch|p1a: Clefable|Clefable, M|100/100|[from]move: Teleport
|
|upkeep
|turn|23
|
|t:|1617482699
|move|p2a: Dragapult|U-turn|p1a: Clefable
|-resisted|p1a: Clefable
|-damage|p1a: Clefable|92/100
|
|t:|1617482706
|switch|p2a: Glastrier|Glastrier|84/100|[from]move: U-turn
|move|p1a: Clefable|Moonblast|p2a: Glastrier
|-crit|p2a: Glastrier
|-damage|p2a: Glastrier|39/100
|
|-heal|p2a: Glastrier|45/100|[from] item: Leftovers
|-heal|p1a: Clefable|98/100|[from] item: Leftovers
|upkeep
|turn|24
|inactive|Valentine has 270 seconds left.
|
|t:|1617482727
|switch|p1a: Slowking|Slowking, M|91/100
|move|p2a: Glastrier|Icicle Spear|p1a: Slowking
|-resisted|p1a: Slowking
|-damage|p1a: Slowking|83/100
|-resisted|p1a: Slowking
|-damage|p1a: Slowking|75/100
|-hitcount|p1a: Slowking|2
|
|-heal|p2a: Glastrier|51/100|[from] item: Leftovers
|upkeep
|turn|25
|
|t:|1617482734
|switch|p2a: Tapu Fini|Tapu Fini|76/100
|-fieldstart|move: Misty Terrain|[from] ability: Misty Surge|[of] p2a: Tapu Fini
|move|p1a: Slowking|Teleport|p1a: Slowking
|inactive|Valentine has 270 seconds left.
|
|t:|1617482758
|switch|p1a: Victini|Victini|67/100|[from]move: Teleport
|
|upkeep
|turn|26
|
|t:|1617482779
|switch|p2a: Dragapult|Dragapult, M|88/100
|move|p1a: Victini|Bolt Strike|p2a: Dragapult
|-resisted|p2a: Dragapult
|-damage|p2a: Dragapult|62/100
|
|upkeep
|turn|27
|
|t:|1617482784
|switch|p1a: Bisharp|Bisharp, F|39/100
|move|p2a: Dragapult|U-turn|p1a: Bisharp
|-damage|p1a: Bisharp|19/100
|
|t:|1617482791
|switch|p2a: Tapu Fini|Tapu Fini|76/100|[from]move: U-turn
|
|upkeep
|turn|28
|
|t:|1617482798
|switch|p1a: Slowking|Slowking, M|100/100
|move|p2a: Tapu Fini|Moonblast|p1a: Slowking
|-damage|p1a: Slowking|78/100
|-unboost|p1a: Slowking|spa|1
|
|upkeep
|turn|29
|
|t:|1617482805
|move|p2a: Tapu Fini|Moonblast|p1a: Slowking
|-damage|p1a: Slowking|53/100
|move|p1a: Slowking|Teleport|p1a: Slowking
|inactive|Valentine has 270 seconds left.
|
|t:|1617482835
|switch|p1a: Victini|Victini|67/100|[from]move: Teleport
|
|-fieldend|Misty Terrain
|upkeep
|turn|30
|
|t:|1617482838
|switch|p2a: Mandibuzz|Mandibuzz, F|59/100
|move|p1a: Victini|U-turn|p2a: Mandibuzz
|-damage|p2a: Mandibuzz|46/100
|
|t:|1617482844
|switch|p1a: Clefable|Clefable, M|98/100|[from]move: U-turn
|
|-heal|p1a: Clefable|100/100|[from] item: Leftovers
|upkeep
|turn|31
|
|t:|1617482847
|move|p2a: Mandibuzz|Roost|p2a: Mandibuzz
|-heal|p2a: Mandibuzz|96/100
|-singleturn|p2a: Mandibuzz|move: Roost
|move|p1a: Clefable|Calm Mind|p1a: Clefable
|-boost|p1a: Clefable|spa|1
|-boost|p1a: Clefable|spd|1
|
|upkeep
|turn|32
|
|t:|1617482855
|switch|p2a: Tapu Fini|Tapu Fini|76/100
|-fieldstart|move: Misty Terrain|[from] ability: Misty Surge|[of] p2a: Tapu Fini
|move|p1a: Clefable|Calm Mind|p1a: Clefable
|-boost|p1a: Clefable|spa|1
|-boost|p1a: Clefable|spd|1
|
|upkeep
|turn|33
|
|t:|1617482862
|move|p2a: Tapu Fini|Trick|p1a: Clefable
|-activate|p2a: Tapu Fini|move: Trick|[of] p1a: Clefable
|-item|p1a: Clefable|Heavy-Duty Boots|[from] move: Trick
|-item|p2a: Tapu Fini|Leftovers|[from] move: Trick
|move|p1a: Clefable|Moonblast|p2a: Tapu Fini
|-damage|p2a: Tapu Fini|15/100
|-unboost|p2a: Tapu Fini|spa|1
|
|-heal|p2a: Tapu Fini|21/100|[from] item: Leftovers
|upkeep
|turn|34
|
|t:|1617482871
|move|p2a: Tapu Fini|Hydro Pump|p1a: Clefable
|-damage|p1a: Clefable|88/100
|move|p1a: Clefable|Moonblast|p2a: Tapu Fini
|-damage|p2a: Tapu Fini|0 fnt
|faint|p2a: Tapu Fini
|
|upkeep
|
|t:|1617482874
|switch|p2a: Glastrier|Glastrier|51/100
|turn|35
|
|t:|1617482880
|move|p2a: Glastrier|Swords Dance|p2a: Glastrier
|-boost|p2a: Glastrier|atk|2
|move|p1a: Clefable|Flamethrower|p2a: Glastrier
|-supereffective|p2a: Glastrier
|-damage|p2a: Glastrier|0 fnt
|faint|p2a: Glastrier
|
|upkeep
|-message|Tomhyoshi forfeited.
|
|win|Valentine
|c|☆Tomhyoshi|gg
|c|☆Valentine|gg
