|inactive|Battle timer is ON: inactive players will automatically lose when time's up.
|player|p1|Spatulakun|picnicker|
|player|p2|GeniusX|evelyn|
|teamsize|p1|6
|teamsize|p2|6
|gametype|singles
|gen|8
|tier|[Gen 8] OU
|clearpoke
|poke|p1|Pelipper, F|
|poke|p1|Kingdra, M|
|poke|p1|Ferrothorn, F|
|poke|p1|Azumarill, F|
|poke|p1|Magearna|
|poke|p1|Barraskewda, M|
|poke|p2|Urshifu, F|
|poke|p2|Magearna|
|poke|p2|Slowbro, F|
|poke|p2|Dragapult, F|
|poke|p2|Chansey, F|
|poke|p2|Cinderace, M|
|rule|Sleep Clause Mod: Limit one foe put to sleep
|rule|Species Clause: Limit one of each Pokémon
|rule|OHKO Clause: OHKO moves are banned
|rule|Evasion Moves Clause: Evasion moves are banned
|rule|Endless Battle Clause: Forcing endless battles is banned
|rule|HP Percentage Mod: HP is shown in percentages
|rule|Dynamax Clause: You cannot dynamax
|teampreview
|c|☆Spatulakun|Hf
|c|+FinnQwert♛♚|GO SPATULA
|inactive|GeniusX has 270 seconds left.
|
|start
|switch|p1a: Pelipper|Pelipper, F|100/100
|switch|p2a: Chansey|Chansey, F|100/100
|-weather|RainDance|[from] ability: Drizzle|[of] p1a: Pelipper
|turn|1
|
|move|p1a: Pelipper|U-turn|p2a: Chansey
|-damage|p2a: Chansey|95/100
|
|switch|p1a: Barraskewda|Barraskewda, M|100/100|[from]move: U-turn
|move|p2a: Chansey|Stealth Rock|p1a: Barraskewda
|-sidestart|p1: Spatulakun|move: Stealth Rock
|
|-weather|RainDance|[upkeep]
|upkeep
|turn|2
|inactive|GeniusX has 270 seconds left.
|
|move|p1a: Barraskewda|Flip Turn|p2a: Chansey
|-damage|p2a: Chansey|44/100
|
|switch|p1a: Magearna|Magearna|100/100|[from]move: Flip Turn
|-damage|p1a: Magearna|94/100|[from] Stealth Rock
|move|p2a: Chansey|Soft-Boiled|p2a: Chansey
|-heal|p2a: Chansey|94/100
|
|-weather|RainDance|[upkeep]
|upkeep
|turn|3
|inactive|GeniusX has 270 seconds left.
|
|switch|p2a: Slowbro|Slowbro, F|100/100
|move|p1a: Magearna|Volt Switch|p2a: Slowbro
|-supereffective|p2a: Slowbro
|-damage|p2a: Slowbro|20/100
|
|switch|p1a: Barraskewda|Barraskewda, M|100/100|[from]move: Volt Switch
|-damage|p1a: Barraskewda|88/100|[from] Stealth Rock
|
|-weather|RainDance|[upkeep]
|-heal|p2a: Slowbro|26/100|[from] item: Leftovers
|upkeep
|turn|4
|inactive|GeniusX has 270 seconds left.
|
|switch|p2a: Cinderace|Cinderace, M|100/100
|move|p1a: Barraskewda|Waterfall|p2a: Cinderace
|-supereffective|p2a: Cinderace
|-damage|p2a: Cinderace|0 fnt
|faint|p2a: Cinderace
|
|-weather|RainDance|[upkeep]
|upkeep
|inactive|GeniusX has 270 seconds left.
|
|switch|p2a: Slowbro|Slowbro, F|60/100
|turn|5
|
|switch|p1a: Magearna|Magearna|94/100
|-damage|p1a: Magearna|88/100|[from] Stealth Rock
|move|p2a: Slowbro|Thunder Wave|p1a: Magearna
|-status|p1a: Magearna|par
|
|-weather|RainDance|[upkeep]
|-heal|p2a: Slowbro|66/100|[from] item: Leftovers
|upkeep
|turn|6
|
|switch|p2a: Chansey|Chansey, F|94/100
|cant|p1a: Magearna|par
|
|-weather|RainDance|[upkeep]
|upkeep
|turn|7
|
|move|p1a: Magearna|Volt Switch|p2a: Chansey
|-damage|p2a: Chansey|81/100
|
|switch|p1a: Ferrothorn|Ferrothorn, F|100/100|[from]move: Volt Switch
|-damage|p1a: Ferrothorn|94/100|[from] Stealth Rock
|move|p2a: Chansey|Teleport|p2a: Chansey
|
|switch|p2a: Urshifu|Urshifu, F|100/100|[from]move: Teleport
|
|-weather|RainDance|[upkeep]
|upkeep
|turn|8
|
|move|p2a: Urshifu|Wicked Blow|p1a: Ferrothorn
|-crit|p1a: Ferrothorn
|-damage|p1a: Ferrothorn|39/100
|-damage|p2a: Urshifu|88/100|[from] ability: Iron Barbs|[of] p1a: Ferrothorn
|move|p1a: Ferrothorn|Body Press|p2a: Urshifu
|-supereffective|p2a: Urshifu
|-damage|p2a: Urshifu|27/100
|
|-weather|none
|upkeep
|turn|9
|
|switch|p1a: Magearna|Magearna|88/100 par
|-damage|p1a: Magearna|82/100 par|[from] Stealth Rock
|move|p2a: Urshifu|Wicked Blow|p1a: Magearna
|-resisted|p1a: Magearna
|-crit|p1a: Magearna
|-damage|p1a: Magearna|42/100 par
|
|upkeep
|turn|10
|
|switch|p2a: Chansey|Chansey, F|81/100
|cant|p1a: Magearna|par
|
|upkeep
|turn|11
|
|move|p1a: Magearna|Trick|p2a: Chansey
|-activate|p1a: Magearna|move: Trick|[of] p2a: Chansey
|-item|p2a: Chansey|Choice Specs|[from] move: Trick
|-item|p1a: Magearna|Eviolite|[from] move: Trick
|move|p2a: Chansey|Teleport|p2a: Chansey
|
|switch|p2a: Urshifu|Urshifu, F|27/100|[from]move: Teleport
|
|upkeep
|turn|12
|
|switch|p1a: Pelipper|Pelipper, F|100/100
|-damage|p1a: Pelipper|75/100|[from] Stealth Rock
|-weather|RainDance|[from] ability: Drizzle|[of] p1a: Pelipper
|move|p2a: Urshifu|Close Combat|p1a: Pelipper
|-resisted|p1a: Pelipper
|-damage|p1a: Pelipper|38/100
|-unboost|p2a: Urshifu|def|1
|-unboost|p2a: Urshifu|spd|1
|
|-weather|RainDance|[upkeep]
|upkeep
|turn|13
|
|move|p2a: Urshifu|Close Combat|p1a: Pelipper
|-resisted|p1a: Pelipper
|-damage|p1a: Pelipper|1/100
|-unboost|p2a: Urshifu|def|1
|-unboost|p2a: Urshifu|spd|1
|move|p1a: Pelipper|Roost|p1a: Pelipper
|-heal|p1a: Pelipper|51/100
|-singleturn|p1a: Pelipper|move: Roost
|
|-weather|RainDance|[upkeep]
|upkeep
|turn|14
|
|switch|p2a: Magearna|Magearna|100/100
|move|p1a: Pelipper|Roost|p1a: Pelipper
|-heal|p1a: Pelipper|100/100
|-singleturn|p1a: Pelipper|move: Roost
|
|-weather|RainDance|[upkeep]
|upkeep
|turn|15
|
|switch|p1a: Ferrothorn|Ferrothorn, F|39/100
|-damage|p1a: Ferrothorn|33/100|[from] Stealth Rock
|move|p2a: Magearna|Thunderbolt|p1a: Ferrothorn
|-resisted|p1a: Ferrothorn
|-damage|p1a: Ferrothorn|19/100
|
|-weather|RainDance|[upkeep]
|upkeep
|turn|16
|
|move|p2a: Magearna|Fleur Cannon|p1a: Ferrothorn|[miss]
|-miss|p2a: Magearna|p1a: Ferrothorn
|move|p1a: Ferrothorn|Stealth Rock|p2a: Magearna
|-sidestart|p2: GeniusX|move: Stealth Rock
|
|-weather|RainDance|[upkeep]
|upkeep
|turn|17
|
|move|p2a: Magearna|Fleur Cannon|p1a: Ferrothorn
|-resisted|p1a: Ferrothorn
|-damage|p1a: Ferrothorn|0 fnt
|-unboost|p2a: Magearna|spa|2
|faint|p1a: Ferrothorn
|-ability|p2a: Magearna|Soul-Heart|boost
|-boost|p2a: Magearna|spa|1
|
|-weather|RainDance|[upkeep]
|upkeep
|
|switch|p1a: Barraskewda|Barraskewda, M|88/100
|-damage|p1a: Barraskewda|76/100|[from] Stealth Rock
|turn|18
|
|switch|p2a: Slowbro|Slowbro, F|99/100
|-damage|p2a: Slowbro|87/100|[from] Stealth Rock
|move|p1a: Barraskewda|Flip Turn|p2a: Slowbro
|-resisted|p2a: Slowbro
|-damage|p2a: Slowbro|64/100
|
|switch|p1a: Kingdra|Kingdra, M|100/100|[from]move: Flip Turn
|-damage|p1a: Kingdra|88/100|[from] Stealth Rock
|
|-weather|RainDance|[upkeep]
|-heal|p2a: Slowbro|70/100|[from] item: Leftovers
|upkeep
|turn|19
|
|switch|p2a: Chansey|Chansey, F|81/100
|-damage|p2a: Chansey|69/100|[from] Stealth Rock
|move|p1a: Kingdra|Hydro Pump|p2a: Chansey
|-damage|p2a: Chansey|17/100
|
|-weather|none
|upkeep
|turn|20
|
|move|p1a: Kingdra|Hydro Pump|p2a: Chansey
|-damage|p2a: Chansey|0 fnt
|faint|p2a: Chansey
|
|upkeep
|
|switch|p2a: Dragapult|Dragapult, F|100/100
|turn|21
|
|switch|p1a: Pelipper|Pelipper, F|100/100
|-damage|p1a: Pelipper|75/100|[from] Stealth Rock
|-weather|RainDance|[from] ability: Drizzle|[of] p1a: Pelipper
|move|p2a: Dragapult|Hex|p1a: Pelipper
|-damage|p1a: Pelipper|30/100
|
|-weather|RainDance|[upkeep]
|upkeep
|turn|22
|
|switch|p1a: Magearna|Magearna|42/100 par
|-damage|p1a: Magearna|36/100 par|[from] Stealth Rock
|move|p2a: Dragapult|Thunder Wave|p1a: Magearna
|-fail|p1a: Magearna|par
|
|-weather|RainDance|[upkeep]
|upkeep
|turn|23
|
|move|p2a: Dragapult|Hex|p1a: Magearna
|-damage|p1a: Magearna|0 fnt
|faint|p1a: Magearna
|
|-weather|RainDance|[upkeep]
|upkeep
|
|switch|p1a: Kingdra|Kingdra, M|88/100
|-damage|p1a: Kingdra|76/100|[from] Stealth Rock
|turn|24
|
|switch|p2a: Urshifu|Urshifu, F|27/100
|-damage|p2a: Urshifu|20/100|[from] Stealth Rock
|move|p1a: Kingdra|Hydro Pump|p2a: Urshifu
|-damage|p2a: Urshifu|0 fnt
|faint|p2a: Urshifu
|
|-weather|RainDance|[upkeep]
|upkeep
|
|switch|p2a: Slowbro|Slowbro, F|100/100
|-damage|p2a: Slowbro|88/100|[from] Stealth Rock
|turn|25
|
|move|p1a: Kingdra|Hydro Pump|p2a: Slowbro|[miss]
|-miss|p1a: Kingdra|p2a: Slowbro
|move|p2a: Slowbro|Thunder Wave|p1a: Kingdra
|-status|p1a: Kingdra|par
|
|-weather|RainDance|[upkeep]
|-heal|p2a: Slowbro|94/100|[from] item: Leftovers
|upkeep
|turn|26
|
|move|p1a: Kingdra|Hydro Pump|p2a: Slowbro
|-resisted|p2a: Slowbro
|-damage|p2a: Slowbro|40/100
|move|p2a: Slowbro|Teleport|p2a: Slowbro
|
|switch|p2a: Dragapult|Dragapult, F|100/100|[from]move: Teleport
|
|-weather|RainDance|[upkeep]
|upkeep
|turn|27
|
|move|p2a: Dragapult|Hex|p1a: Kingdra
|-damage|p1a: Kingdra|4/100 par
|cant|p1a: Kingdra|par
|
|-weather|RainDance|[upkeep]
|upkeep
|turn|28
|
|move|p2a: Dragapult|U-turn|p1a: Kingdra
|-damage|p1a: Kingdra|0 fnt
|faint|p1a: Kingdra
|
|switch|p2a: Magearna|Magearna|100/100|[from]move: U-turn
|-damage|p2a: Magearna|94/100|[from] Stealth Rock
|
|-weather|none
|-heal|p2a: Magearna|100/100|[from] item: Leftovers
|upkeep
|
|switch|p1a: Pelipper|Pelipper, F|30/100
|-damage|p1a: Pelipper|5/100|[from] Stealth Rock
|-weather|RainDance|[from] ability: Drizzle|[of] p1a: Pelipper
|turn|29
|
|move|p1a: Pelipper|Scald|p2a: Magearna
|-damage|p2a: Magearna|69/100
|move|p2a: Magearna|Fleur Cannon|p1a: Pelipper
|-damage|p1a: Pelipper|0 fnt
|-unboost|p2a: Magearna|spa|2
|faint|p1a: Pelipper
|-ability|p2a: Magearna|Soul-Heart|boost
|-boost|p2a: Magearna|spa|1
|
|-weather|RainDance|[upkeep]
|-heal|p2a: Magearna|75/100|[from] item: Leftovers
|upkeep
|
|switch|p1a: Barraskewda|Barraskewda, M|76/100
|-damage|p1a: Barraskewda|64/100|[from] Stealth Rock
|turn|30
|
|move|p1a: Barraskewda|Waterfall|p2a: Magearna
|-damage|p2a: Magearna|0 fnt
|faint|p2a: Magearna
|
|-weather|RainDance|[upkeep]
|upkeep
|
|switch|p2a: Slowbro|Slowbro, F|73/100
|-damage|p2a: Slowbro|61/100|[from] Stealth Rock
|turn|31
|
|move|p1a: Barraskewda|Waterfall|p2a: Slowbro
|-resisted|p2a: Slowbro
|-damage|p2a: Slowbro|32/100
|move|p2a: Slowbro|Slack Off|p2a: Slowbro
|-heal|p2a: Slowbro|82/100
|
|-weather|RainDance|[upkeep]
|-heal|p2a: Slowbro|88/100|[from] item: Leftovers
|upkeep
|turn|32
|
|switch|p1a: Azumarill|Azumarill, F|100/100
|-damage|p1a: Azumarill|88/100|[from] Stealth Rock
|move|p2a: Slowbro|Thunder Wave|p1a: Azumarill
|-status|p1a: Azumarill|par
|
|-weather|RainDance|[upkeep]
|-heal|p2a: Slowbro|94/100|[from] item: Leftovers
|upkeep
|turn|33
|
|move|p1a: Azumarill|Belly Drum|p1a: Azumarill
|-damage|p1a: Azumarill|38/100 par
|-setboost|p1a: Azumarill|atk|6|[from] move: Belly Drum
|-enditem|p1a: Azumarill|Sitrus Berry|[eat]
|-heal|p1a: Azumarill|63/100 par|[from] item: Sitrus Berry
|move|p2a: Slowbro|Teleport|p2a: Slowbro
|
|switch|p2a: Dragapult|Dragapult, F|100/100|[from]move: Teleport
|
|-weather|RainDance|[upkeep]
|upkeep
|turn|34
|inactive|GeniusX has 270 seconds left.
|inactive|GeniusX has 240 seconds left.
|
|switch|p2a: Slowbro|Slowbro, F|100/100
|-damage|p2a: Slowbro|88/100|[from] Stealth Rock
|move|p1a: Azumarill|Aqua Jet|p2a: Slowbro
|-resisted|p2a: Slowbro
|-damage|p2a: Slowbro|46/100
|
|-weather|RainDance|[upkeep]
|-heal|p2a: Slowbro|52/100|[from] item: Leftovers
|upkeep
|turn|35
|
|cant|p1a: Azumarill|par
|move|p2a: Slowbro|Slack Off|p2a: Slowbro
|-heal|p2a: Slowbro|100/100
|
|-weather|RainDance|[upkeep]
|upkeep
|turn|36
|
|move|p1a: Azumarill|Knock Off|p2a: Slowbro
|-supereffective|p2a: Slowbro
|-damage|p2a: Slowbro|0 fnt
|-enditem|p2a: Slowbro|Leftovers|[from] move: Knock Off|[of] p1a: Azumarill
|faint|p2a: Slowbro
|
|-weather|none
|upkeep
|
|switch|p2a: Dragapult|Dragapult, F|100/100
|turn|37
|
|move|p1a: Azumarill|Aqua Jet|p2a: Dragapult
|-resisted|p2a: Dragapult
|-damage|p2a: Dragapult|27/100
|move|p2a: Dragapult|Hex|p1a: Azumarill
|-damage|p1a: Azumarill|0 fnt
|faint|p1a: Azumarill
|
|upkeep
|
|switch|p1a: Barraskewda|Barraskewda, M|64/100
|-damage|p1a: Barraskewda|51/100|[from] Stealth Rock
|turn|38
|
|move|p2a: Dragapult|Draco Meteor|p1a: Barraskewda
|-damage|p1a: Barraskewda|0 fnt
|-unboost|p2a: Dragapult|spa|2
|faint|p1a: Barraskewda
|
|win|GeniusX
