|inactive|Battle timer is ON: inactive players will automatically lose when time's up.
|t:|1631961646
|gametype|singles
|player|p1|gaijineagle|101|
|player|p2|P.Otaku|lyra-pokeathlon|
|teamsize|p1|6
|teamsize|p2|6
|gen|8
|tier|[Gen 8] OU
|rule|Sleep Clause Mod: Limit one foe put to sleep
|rule|Species Clause: Limit one of each Pokémon
|rule|OHKO Clause: OHKO moves are banned
|rule|Evasion Moves Clause: Evasion moves are banned
|rule|Endless Battle Clause: Forcing endless battles is banned
|rule|HP Percentage Mod: HP is shown in percentages
|rule|Dynamax Clause: You cannot dynamax
|clearpoke
|poke|p1|Landorus-Therian, M|
|poke|p1|Kyurem|
|poke|p1|Urshifu-*, M|
|poke|p1|Moltres-Galar|
|poke|p1|Dragapult, M|
|poke|p1|Aegislash, M|
|poke|p2|Swampert, M|
|poke|p2|Tapu Lele|
|poke|p2|Mandibuzz, F|
|poke|p2|Blissey, F|
|poke|p2|Gengar, F|
|poke|p2|Melmetal|
|teampreview
|c|☆gaijineagle|hf
|inactive|gaijineagle has 270 seconds left.
|inactive|gaijineagle has 240 seconds left.
|
|t:|1631961714
|start
|switch|p1a: Aegislash|Aegislash, M, shiny|100/100
|switch|p2a: Melmetal|Melmetal|100/100
|turn|1
|
|t:|1631961720
|switch|p1a: Landorus|Landorus-Therian, M|100/100
|-ability|p1a: Landorus|Intimidate|boost
|-unboost|p2a: Melmetal|atk|1
|move|p2a: Melmetal|Earthquake|p1a: Landorus
|-immune|p1a: Landorus
|
|upkeep
|turn|2
|
|t:|1631961728
|switch|p2a: Mandibuzz|Mandibuzz, F|100/100
|move|p1a: Landorus|U-turn|p2a: Mandibuzz
|-damage|p2a: Mandibuzz|74/100
|
|t:|1631961735
|switch|p1a: Moltres|Moltres-Galar|100/100|[from]move: U-turn
|
|upkeep
|turn|3
|
|t:|1631961739
|move|p1a: Moltres|Nasty Plot|p1a: Moltres
|-boost|p1a: Moltres|spa|2
|move|p2a: Mandibuzz|U-turn|p1a: Moltres
|-damage|p1a: Moltres|86/100
|
|t:|1631961747
|switch|p2a: Blissey|Blissey, F|100/100|[from]move: U-turn
|
|upkeep
|turn|4
|
|t:|1631961751
|move|p1a: Moltres|Nasty Plot|p1a: Moltres
|-boost|p1a: Moltres|spa|2
|move|p2a: Blissey|Toxic|p1a: Moltres|[miss]
|-miss|p2a: Blissey|p1a: Moltres
|
|upkeep
|turn|5
|
|t:|1631961755
|move|p1a: Moltres|Fiery Wrath|p2a: Blissey
|-damage|p2a: Blissey|49/100
|move|p2a: Blissey|Toxic|p1a: Moltres
|-status|p1a: Moltres|tox
|-enditem|p1a: Moltres|Lum Berry|[eat]
|-curestatus|p1a: Moltres|tox|[msg]
|
|upkeep
|turn|6
|
|t:|1631961764
|move|p1a: Moltres|Fiery Wrath|p2a: Blissey
|-damage|p2a: Blissey|3/100
|move|p2a: Blissey|Toxic|p1a: Moltres
|-status|p1a: Moltres|tox
|
|-damage|p1a: Moltres|80/100 tox|[from] psn
|upkeep
|turn|7
|
|t:|1631961768
|switch|p2a: Mandibuzz|Mandibuzz, F|74/100
|move|p1a: Moltres|Agility|p1a: Moltres
|-boost|p1a: Moltres|spe|2
|
|-damage|p1a: Moltres|68/100 tox|[from] psn
|upkeep
|turn|8
|
|t:|1631961771
|switch|p2a: Blissey|Blissey, F|3/100
|move|p1a: Moltres|Fiery Wrath|p2a: Blissey
|-damage|p2a: Blissey|0 fnt
|faint|p2a: Blissey
|
|-damage|p1a: Moltres|49/100 tox|[from] psn
|upkeep
|
|t:|1631961778
|switch|p2a: Melmetal|Melmetal|100/100
|turn|9
|
|t:|1631961780
|move|p1a: Moltres|Fiery Wrath|p2a: Melmetal
|-damage|p2a: Melmetal|11/100
|move|p2a: Melmetal|Double Iron Bash|p1a: Moltres
|-damage|p1a: Moltres|1/100 tox
|-damage|p1a: Moltres|0 fnt
|faint|p1a: Moltres
|-hitcount|p1: Moltres|2
|
|upkeep
|inactive|gaijineagle has 270 seconds left.
|
|t:|1631961815
|switch|p1a: Kyurem|Kyurem, shiny|100/100
|-ability|p1a: Kyurem|Pressure
|turn|10
|
|t:|1631961821
|move|p1a: Kyurem|Ice Beam|p2a: Melmetal
|-resisted|p2a: Melmetal
|-damage|p2a: Melmetal|0 fnt
|faint|p2a: Melmetal
|
|upkeep
|
|t:|1631961826
|switch|p2a: Tapu Lele|Tapu Lele|100/100
|-fieldstart|move: Psychic Terrain|[from] ability: Psychic Surge|[of] p2a: Tapu Lele
|turn|11
|
|t:|1631961837
|switch|p1a: Aegislash|Aegislash, M, shiny|100/100
|move|p2a: Tapu Lele|Moonblast|p1a: Aegislash
|-resisted|p1a: Aegislash
|-damage|p1a: Aegislash|63/100
|
|upkeep
|turn|12
|
|t:|1631961840
|switch|p2a: Swampert|Swampert, M|100/100
|-formechange|p1a: Aegislash|Aegislash-Blade||[from] ability: Stance Change
|move|p1a: Aegislash|Shadow Ball|p2a: Swampert
|-damage|p2a: Swampert|30/100
|
|upkeep
|turn|13
|
|t:|1631961843
|move|p1a: Aegislash|Shadow Ball|p2a: Swampert
|-damage|p2a: Swampert|0 fnt
|faint|p2a: Swampert
|
|upkeep
|
|t:|1631961848
|switch|p2a: Gengar|Gengar, F|100/100
|turn|14
|
|t:|1631961857
|switch|p1a: Landorus|Landorus-Therian, M|100/100
|-ability|p1a: Landorus|Intimidate|boost
|-unboost|p2a: Gengar|atk|1
|move|p2a: Gengar|Focus Blast|p1a: Landorus|[miss]
|-miss|p2a: Gengar|p1a: Landorus
|
|upkeep
|turn|15
|
|t:|1631961861
|switch|p2a: Mandibuzz|Mandibuzz, F|74/100
|move|p1a: Landorus|Knock Off|p2a: Mandibuzz
|-resisted|p2a: Mandibuzz
|-crit|p2a: Mandibuzz
|-damage|p2a: Mandibuzz|49/100
|-enditem|p2a: Mandibuzz|Heavy-Duty Boots|[from] move: Knock Off|[of] p1a: Landorus
|
|-fieldend|move: Psychic Terrain
|upkeep
|turn|16
|
|t:|1631961867
|switch|p1a: Kyurem|Kyurem, shiny|100/100
|-ability|p1a: Kyurem|Pressure
|move|p2a: Mandibuzz|Roost|p2a: Mandibuzz
|-heal|p2a: Mandibuzz|99/100
|-singleturn|p2a: Mandibuzz|move: Roost
|
|upkeep
|turn|17
|
|t:|1631961874
|switch|p2a: Gengar|Gengar, F|100/100
|move|p1a: Kyurem|Ice Beam|p2a: Gengar
|-damage|p2a: Gengar|20/100
|
|upkeep
|turn|18
|
|t:|1631961880
|move|p2a: Gengar|Shadow Ball|p1a: Kyurem
|-damage|p1a: Kyurem|61/100
|move|p1a: Kyurem|Ice Beam|p2a: Gengar
|-damage|p2a: Gengar|0 fnt
|-start|p1a: Kyurem|Disable|Ice Beam|[from] ability: Cursed Body|[of] p2a: Gengar
|faint|p2a: Gengar
|
|upkeep
|
|t:|1631961883
|switch|p2a: Tapu Lele|Tapu Lele|100/100
|-fieldstart|move: Psychic Terrain|[from] ability: Psychic Surge|[of] p2a: Tapu Lele
|turn|19
|
|t:|1631961893
|switch|p1a: Dragapult|Dragapult, M|100/100
|move|p2a: Tapu Lele|Psychic|p1a: Dragapult
|-damage|p1a: Dragapult|0 fnt
|faint|p1a: Dragapult
|
|upkeep
|
|t:|1631961895
|switch|p1a: Urshifu|Urshifu-Rapid-Strike, M|100/100
|turn|20
|
|t:|1631961901
|switch|p2a: Mandibuzz|Mandibuzz, F|99/100
|move|p1a: Urshifu|Surging Strikes|p2a: Mandibuzz
|-crit|p2a: Mandibuzz
|-damage|p2a: Mandibuzz|87/100
|-crit|p2a: Mandibuzz
|-damage|p2a: Mandibuzz|75/100
|-crit|p2a: Mandibuzz
|-damage|p2a: Mandibuzz|63/100
|-hitcount|p2a: Mandibuzz|3
|
|upkeep
|turn|21
|
|t:|1631961906
|switch|p1a: Landorus|Landorus-Therian, M|100/100
|-ability|p1a: Landorus|Intimidate|boost
|-unboost|p2a: Mandibuzz|atk|1
|move|p2a: Mandibuzz|U-turn|p1a: Landorus
|-resisted|p1a: Landorus
|-damage|p1a: Landorus|96/100
|
|t:|1631961908
|switch|p2a: Tapu Lele|Tapu Lele|100/100|[from]move: U-turn
|
|upkeep
|turn|22
|
|t:|1631961911
|move|p2a: Tapu Lele|Psychic|p1a: Landorus
|-damage|p1a: Landorus|0 fnt
|faint|p1a: Landorus
|
|upkeep
|
|t:|1631961915
|switch|p1a: Aegislash|Aegislash, M, shiny|63/100
|turn|23
|
|t:|1631961918
|switch|p2a: Mandibuzz|Mandibuzz, F|63/100
|-formechange|p1a: Aegislash|Aegislash-Blade||[from] ability: Stance Change
|move|p1a: Aegislash|Shadow Ball|p2a: Mandibuzz
|-resisted|p2a: Mandibuzz
|-damage|p2a: Mandibuzz|31/100
|
|-fieldend|move: Psychic Terrain
|upkeep
|turn|24
|
|t:|1631961922
|move|p1a: Aegislash|Shadow Ball|p2a: Mandibuzz
|-resisted|p2a: Mandibuzz
|-damage|p2a: Mandibuzz|0 fnt
|faint|p2a: Mandibuzz
|
|upkeep
|
|t:|1631961925
|switch|p2a: Tapu Lele|Tapu Lele|100/100
|-fieldstart|move: Psychic Terrain|[from] ability: Psychic Surge|[of] p2a: Tapu Lele
|turn|25
|
|t:|1631961929
|switch|p1a: Kyurem|Kyurem, shiny|61/100
|-ability|p1a: Kyurem|Pressure
|move|p2a: Tapu Lele|Psychic|p1a: Kyurem
|-damage|p1a: Kyurem|0 fnt
|faint|p1a: Kyurem
|
|upkeep
|
|t:|1631961930
|switch|p1a: Urshifu|Urshifu-Rapid-Strike, M|100/100
|turn|26
|
|t:|1631961933
|move|p1a: Urshifu|Surging Strikes|p2a: Tapu Lele
|-crit|p2a: Tapu Lele
|-damage|p2a: Tapu Lele|69/100
|-crit|p2a: Tapu Lele
|-damage|p2a: Tapu Lele|39/100
|-crit|p2a: Tapu Lele
|-damage|p2a: Tapu Lele|8/100
|-hitcount|p2a: Tapu Lele|3
|move|p2a: Tapu Lele|Psychic|p1a: Urshifu
|-supereffective|p1a: Urshifu
|-damage|p1a: Urshifu|0 fnt
|faint|p1a: Urshifu
|
|upkeep
|
|t:|1631961935
|switch|p1a: Aegislash|Aegislash, M, shiny|63/100
|turn|27
|
|t:|1631961956
|move|p2a: Tapu Lele|Psychic|p1a: Aegislash
|-resisted|p1a: Aegislash
|-damage|p1a: Aegislash|16/100
|-formechange|p1a: Aegislash|Aegislash-Blade||[from] ability: Stance Change
|move|p1a: Aegislash|Shadow Ball|p2a: Tapu Lele
|-supereffective|p2a: Tapu Lele
|-damage|p2a: Tapu Lele|0 fnt
|faint|p2a: Tapu Lele
|
|win|gaijineagle
|c|☆gaijineagle|gg
|c|☆P.Otaku|gg.
