|inactive|Battle timer is ON: inactive players will automatically lose when time's up.
|t:|1654883711
|gametype|singles
|player|p1|nikitas|#wcop2022greece|
|player|p2|PedroGreg|#wcop2022brazil|
|teamsize|p1|6
|teamsize|p2|6
|gen|8
|tier|[Gen 8] OU
|rule|Sleep Clause Mod: Limit one foe put to sleep
|rule|Species Clause: Limit one of each Pokémon
|rule|OHKO Clause: OHKO moves are banned
|rule|Evasion Moves Clause: Evasion moves are banned
|rule|Endless Battle Clause: Forcing endless battles is banned
|rule|HP Percentage Mod: HP is shown in percentages
|rule|Dynamax Clause: You cannot dynamax
|clearpoke
|poke|p1|Heatran, F|
|poke|p1|Weavile, M|
|poke|p1|Rotom-Wash|
|poke|p1|Clefable, M|
|poke|p1|Tornadus-Therian, M|
|poke|p1|Garchomp, F|
|poke|p2|Tapu Koko|
|poke|p2|Garchomp, F|
|poke|p2|Tornadus-Therian, M|
|poke|p2|Urshifu-*, F|
|poke|p2|Blissey, F|
|poke|p2|Melmetal|
|teampreview
|c|☆PedroGreg|hf
|c|+EQ Enrique|ACORDA PEDRINHO
|inactive|nikitas has 270 seconds left.
|inactive|PedroGreg has 270 seconds left.
|c|+ASKOV|A
|c|+Beraldinhoo|VAMO CARALHO
|c|+ASKOV|CORDA PEDRINHO
|raw|<div class="broadcast-red"><strong>Moderated chat was set to ☆!</strong><br />Only users of rank ☆ and higher can talk.</div>
|inactive|nikitas has 240 seconds left.
|inactive|PedroGreg has 240 seconds left.
|inactive|PedroGreg has 210 seconds left.
|
|t:|1654883812
|start
|switch|p1a: Heatran|Heatran, F|100/100
|switch|p2a: Tornadus|Tornadus-Therian, M|100/100
|turn|1
|inactive|nikitas has 270 seconds left.
|inactive|nikitas has 240 seconds left.
|
|t:|1654883858
|switch|p1a: Tornadus|Tornadus-Therian, M|100/100
|move|p2a: Tornadus|Knock Off|p1a: Tornadus
|-damage|p1a: Tornadus|81/100
|-enditem|p1a: Tornadus|Heavy-Duty Boots|[from] move: Knock Off|[of] p2a: Tornadus
|
|upkeep
|turn|2
|inactive|nikitas has 240 seconds left.
|inactive|nikitas has 210 seconds left.
|
|t:|1654883909
|move|p1a: Tornadus|Toxic|p2a: Tornadus
|-status|p2a: Tornadus|tox
|move|p2a: Tornadus|U-turn|p1a: Tornadus
|-resisted|p1a: Tornadus
|-damage|p1a: Tornadus|74/100
|
|t:|1654883914
|switch|p2a: Tapu Koko|Tapu Koko|100/100|[from]move: U-turn
|-fieldstart|move: Electric Terrain|[from] ability: Electric Surge|[of] p2a: Tapu Koko
|
|upkeep
|turn|3
|inactive|nikitas has 210 seconds left.
|
|t:|1654883927
|switch|p1a: Heatran|Heatran, F|100/100
|move|p2a: Tapu Koko|Volt Switch|p1a: Heatran
|-damage|p1a: Heatran|63/100
|
|t:|1654883940
|switch|p2a: Urshifu|Urshifu-Rapid-Strike, F|100/100|[from]move: Volt Switch
|
|-heal|p1a: Heatran|69/100|[from] item: Leftovers
|upkeep
|turn|4
|
|t:|1654883954
|switch|p1a: Clefable|Clefable, M|100/100
|move|p2a: Urshifu|Surging Strikes|p1a: Clefable
|-crit|p1a: Clefable
|-damage|p1a: Clefable|85/100
|-crit|p1a: Clefable
|-damage|p1a: Clefable|71/100
|-crit|p1a: Clefable
|-damage|p1a: Clefable|55/100
|-hitcount|p1a: Clefable|3
|
|upkeep
|turn|5
|inactive|nikitas has 210 seconds left.
|
|t:|1654883995
|move|p2a: Urshifu|U-turn|p1a: Clefable
|-resisted|p1a: Clefable
|-damage|p1a: Clefable|45/100
|
|t:|1654883998
|switch|p2a: Melmetal|Melmetal|100/100|[from]move: U-turn
|move|p1a: Clefable|Soft-Boiled|p1a: Clefable
|-heal|p1a: Clefable|95/100
|
|upkeep
|turn|6
|
|t:|1654884021
|switch|p1a: Rotom|Rotom-Wash|100/100
|move|p2a: Melmetal|Toxic|p1a: Rotom
|-status|p1a: Rotom|tox
|
|-damage|p1a: Rotom|94/100 tox|[from] psn
|-fieldend|move: Electric Terrain
|upkeep
|turn|7
|inactive|nikitas has 180 seconds left.
|inactive|nikitas has 150 seconds left.
|
|t:|1654884067
|switch|p1a: Heatran|Heatran, F|69/100
|move|p2a: Melmetal|Protect||[still]
|-fail|p2a: Melmetal
|
|-heal|p1a: Heatran|76/100|[from] item: Leftovers
|upkeep
|turn|8
|
|t:|1654884074
|switch|p1a: Rotom|Rotom-Wash|94/100 tox
|move|p2a: Melmetal|Earthquake|p1a: Rotom
|-immune|p1a: Rotom|[from] ability: Levitate
|
|-heal|p1a: Rotom|100/100 tox|[from] item: Leftovers
|-damage|p1a: Rotom|94/100 tox|[from] psn
|upkeep
|turn|9
|inactive|nikitas has 150 seconds left.
|
|t:|1654884099
|move|p2a: Melmetal|Protect|p2a: Melmetal
|-singleturn|p2a: Melmetal|Protect
|move|p1a: Rotom|Volt Switch|p2a: Melmetal
|-activate|p2a: Melmetal|move: Protect
|
|-heal|p1a: Rotom|100/100 tox|[from] item: Leftovers
|-damage|p1a: Rotom|88/100 tox|[from] psn
|upkeep
|turn|10
|inactive|nikitas has 150 seconds left.
|
|t:|1654884120
|switch|p2a: Garchomp|Garchomp, F|100/100
|move|p1a: Rotom|Hydro Pump|p2a: Garchomp
|-damage|p2a: Garchomp|48/100
|
|-heal|p1a: Rotom|94/100 tox|[from] item: Leftovers
|-damage|p1a: Rotom|76/100 tox|[from] psn
|upkeep
|turn|11
|inactive|nikitas has 120 seconds left.
|
|t:|1654884162
|switch|p1a: Tornadus|Tornadus-Therian, M|100/100
|move|p2a: Garchomp|Draco Meteor|p1a: Tornadus
|-damage|p1a: Tornadus|31/100
|-unboost|p2a: Garchomp|spa|2
|-damage|p2a: Garchomp|39/100|[from] item: Life Orb
|
|upkeep
|turn|12
|inactive|PedroGreg has 270 seconds left.
|
|t:|1654884188
|switch|p2a: Melmetal|Melmetal|100/100
|move|p1a: Tornadus|U-turn|p2a: Melmetal
|-resisted|p2a: Melmetal
|-damage|p2a: Melmetal|96/100
|inactive|nikitas has 90 seconds left.
|
|t:|1654884211
|switch|p1a: Heatran|Heatran, F|76/100|[from]move: U-turn
|
|-heal|p1a: Heatran|82/100|[from] item: Leftovers
|-heal|p2a: Melmetal|100/100|[from] item: Leftovers
|upkeep
|turn|13
|inactive|nikitas has 90 seconds left.
|
|t:|1654884227
|switch|p1a: Rotom|Rotom-Wash|76/100 tox
|move|p2a: Melmetal|Earthquake|p1a: Rotom
|-immune|p1a: Rotom|[from] ability: Levitate
|
|-heal|p1a: Rotom|82/100 tox|[from] item: Leftovers
|-damage|p1a: Rotom|76/100 tox|[from] psn
|upkeep
|turn|14
|
|t:|1654884235
|move|p2a: Melmetal|Protect|p2a: Melmetal
|-singleturn|p2a: Melmetal|Protect
|move|p1a: Rotom|Volt Switch|p2a: Melmetal
|-activate|p2a: Melmetal|move: Protect
|
|-heal|p1a: Rotom|82/100 tox|[from] item: Leftovers
|-damage|p1a: Rotom|70/100 tox|[from] psn
|upkeep
|turn|15
|
|t:|1654884243
|move|p1a: Rotom|Volt Switch|p2a: Melmetal
|-damage|p2a: Melmetal|73/100
|inactive|nikitas has 90 seconds left.
|inactive|nikitas has 60 seconds left.
|
|t:|1654884287
|switch|p1a: Tornadus|Tornadus-Therian, M|64/100|[from]move: Volt Switch
|move|p2a: Melmetal|Double Iron Bash|p1a: Tornadus
|-damage|p1a: Tornadus|19/100
|-damage|p1a: Tornadus|0 fnt
|faint|p1a: Tornadus
|-hitcount|p1: Tornadus|2
|
|-heal|p2a: Melmetal|79/100|[from] item: Leftovers
|upkeep
|
|t:|1654884290
|switch|p1a: Rotom|Rotom-Wash|70/100 tox
|turn|16
|inactive|nikitas has 60 seconds left.
|
|t:|1654884327
|move|p2a: Melmetal|Protect|p2a: Melmetal
|-singleturn|p2a: Melmetal|Protect
|move|p1a: Rotom|Hydro Pump|p2a: Melmetal
|-activate|p2a: Melmetal|move: Protect
|
|-heal|p1a: Rotom|76/100 tox|[from] item: Leftovers
|-heal|p2a: Melmetal|85/100|[from] item: Leftovers
|-damage|p1a: Rotom|70/100 tox|[from] psn
|upkeep
|turn|17
|
|t:|1654884341
|move|p1a: Rotom|Hydro Pump|p2a: Melmetal|[miss]
|-miss|p1a: Rotom|p2a: Melmetal
|move|p2a: Melmetal|Double Iron Bash|p1a: Rotom
|-resisted|p1a: Rotom
|-damage|p1a: Rotom|57/100 tox
|-resisted|p1a: Rotom
|-damage|p1a: Rotom|44/100 tox
|-hitcount|p1a: Rotom|2
|
|-heal|p1a: Rotom|50/100 tox|[from] item: Leftovers
|-heal|p2a: Melmetal|91/100|[from] item: Leftovers
|-damage|p1a: Rotom|38/100 tox|[from] psn
|upkeep
|turn|18
|
|t:|1654884357
|switch|p1a: Heatran|Heatran, F|82/100
|switch|p2a: Garchomp|Garchomp, F|39/100
|
|-heal|p1a: Heatran|88/100|[from] item: Leftovers
|upkeep
|turn|19
|
|t:|1654884369
|switch|p1a: Clefable|Clefable, M|95/100
|move|p2a: Garchomp|Stealth Rock|p1a: Clefable
|-sidestart|p1: nikitas|move: Stealth Rock
|
|upkeep
|turn|20
|
|t:|1654884387
|move|p2a: Garchomp|Earthquake|p1a: Clefable
|-damage|p1a: Clefable|49/100
|-damage|p2a: Garchomp|29/100|[from] item: Life Orb
|move|p1a: Clefable|Moonblast|p2a: Garchomp
|-supereffective|p2a: Garchomp
|-damage|p2a: Garchomp|0 fnt
|faint|p2a: Garchomp
|
|upkeep
|inactive|PedroGreg has 270 seconds left.
|
|t:|1654884417
|switch|p2a: Melmetal|Melmetal|91/100
|turn|21
|
|t:|1654884423
|switch|p1a: Rotom|Rotom-Wash|38/100 tox
|-damage|p1a: Rotom|26/100 tox|[from] Stealth Rock
|move|p2a: Melmetal|Double Iron Bash|p1a: Rotom
|-resisted|p1a: Rotom
|-damage|p1a: Rotom|13/100 tox
|-resisted|p1a: Rotom
|-damage|p1a: Rotom|0 fnt
|faint|p1a: Rotom
|-hitcount|p1: Rotom|2
|
|-heal|p2a: Melmetal|98/100|[from] item: Leftovers
|upkeep
|
|t:|1654884436
|switch|p1a: Heatran|Heatran, F|88/100
|-damage|p1a: Heatran|76/100|[from] Stealth Rock
|turn|22
|inactive|PedroGreg has 270 seconds left.
|
|t:|1654884452
|move|p1a: Heatran|Magma Storm|p2a: Melmetal|[miss]
|-miss|p1a: Heatran|p2a: Melmetal
|move|p2a: Melmetal|Earthquake|p1a: Heatran
|-supereffective|p1a: Heatran
|-damage|p1a: Heatran|0 fnt
|faint|p1a: Heatran
|
|-heal|p2a: Melmetal|100/100|[from] item: Leftovers
|upkeep
|inactive|nikitas has 30 seconds left.
|
|t:|1654884489
|switch|p1a: Garchomp|Garchomp, F|100/100
|-damage|p1a: Garchomp|94/100|[from] Stealth Rock
|turn|23
|inactive|nikitas has 30 seconds left.
|
|t:|1654884499
|move|p1a: Garchomp|Swords Dance|p1a: Garchomp
|-boost|p1a: Garchomp|atk|2
|move|p2a: Melmetal|Double Iron Bash|p1a: Garchomp
|-damage|p1a: Garchomp|52/100
|-damage|p2a: Melmetal|88/100|[from] ability: Rough Skin|[of] p1a: Garchomp
|-damage|p1a: Garchomp|7/100
|-damage|p2a: Melmetal|76/100|[from] ability: Rough Skin|[of] p1a: Garchomp
|-hitcount|p1a: Garchomp|2
|
|-heal|p1a: Garchomp|13/100|[from] item: Leftovers
|-heal|p2a: Melmetal|82/100|[from] item: Leftovers
|upkeep
|turn|24
|
|t:|1654884503
|move|p1a: Garchomp|Scale Shot|p2a: Melmetal
|-resisted|p2a: Melmetal
|-damage|p2a: Melmetal|73/100
|-resisted|p2a: Melmetal
|-damage|p2a: Melmetal|64/100
|-resisted|p2a: Melmetal
|-damage|p2a: Melmetal|55/100
|-hitcount|p2a: Melmetal|3
|-unboost|p1a: Garchomp|def|1
|-boost|p1a: Garchomp|spe|1
|move|p2a: Melmetal|Double Iron Bash|p1a: Garchomp
|-damage|p1a: Garchomp|0 fnt
|-damage|p2a: Melmetal|43/100|[from] ability: Rough Skin|[of] p1a: Garchomp
|faint|p1a: Garchomp
|-hitcount|p1: Garchomp|1
|
|-heal|p2a: Melmetal|49/100|[from] item: Leftovers
|upkeep
|inactive|nikitas has 30 seconds left.
|
|t:|1654884527
|switch|p1a: Weavile|Weavile, M|100/100
|turn|25
|
|t:|1654884533
|move|p1a: Weavile|Knock Off|p2a: Melmetal
|-damage|p2a: Melmetal|17/100
|-enditem|p2a: Melmetal|Leftovers|[from] move: Knock Off|[of] p1a: Weavile
|move|p2a: Melmetal|Double Iron Bash|p1a: Weavile
|-supereffective|p1a: Weavile
|-damage|p1a: Weavile|0 fnt
|faint|p1a: Weavile
|-hitcount|p1: Weavile|1
|
|upkeep
|
|t:|1654884536
|switch|p1a: Clefable|Clefable, M|49/100
|turn|26
|
|t:|1654884549
|move|p1a: Clefable|Thunder|p2a: Melmetal
|-damage|p2a: Melmetal|0 fnt
|faint|p2a: Melmetal
|
|upkeep
|
|t:|1654884552
|switch|p2a: Tapu Koko|Tapu Koko|100/100
|-fieldstart|move: Electric Terrain|[from] ability: Electric Surge|[of] p2a: Tapu Koko
|turn|27
|
|t:|1654884555
|move|p2a: Tapu Koko|Thunderbolt|p1a: Clefable
|-damage|p1a: Clefable|0 fnt
|faint|p1a: Clefable
|
|win|PedroGreg
|c|☆nikitas|gg
|c|☆PedroGreg|gg
|c|☆PedroGreg|wp
